Product Name,Brand,Rating,Number of Reviews,Old Price,Primary Price,Unit Price
Olay Fresh Outlast Body Wash Shea Butter  - 22 fl oz,Olay Fresh Outlast,4.0 out of 5,-98177,old price$8.29strike through,,$0.32/ oz
Plan B One-Step Emergency Contraceptive  - 1 ea,Plan B,4.0 out of 5,-1617,,$49.99 ,$49.99  / ea
Primatene Mist Epinephrine Inhalation Aerosol 160 Metered Sprays  - 1 ea,Primatene,4.0 out of 5,-1503,,$32.99 ,$80.46  / oz
Opti-Free PureMoist Multi-Purpose Disinfecting Solution  - 10 fl oz   x 2 pack,Opti-Free,4.5 out of 5,-773,,$22.99 ,$1.15  / oz
"Poise Postpartum Incontinence Pads, Long 6 Drop Ultimate Absorbency Long Length (ct 45)  - 45 ea",Poise,4.0 out of 5,-3017,old price$24.99strike through,,$0.56/ ea
Cepacol Extra Strength Sore Throat Relief Lozenges Honey Lemon  - 16 ea,Cepacol,4.5 out of 5,-272,,$5.99 ,$0.37  / ea
Crest Complete Whitening Toothpaste Minty Fresh  - 5.4 oz,Crest Complete,4.5 out of 5,-12351,old price$5.29strike through,,$0.74/ oz
Vaseline Soothing Hydration Hand and Body Lotion Aloe Soothe  - 10 fl oz,Vaseline,4.0 out of 5,-962,,$5.99 ,$0.60  / oz
Biotene Moisturizing Mouth Spray Gentle Mint  - 1.5 fl oz,Biotene,4.0 out of 5,-530,,$8.49 ,$5.66  / oz
Biotene Dry Mouth Lozenges For Fresh Breath Refreshing Mint  - 27 ea,Biotene,4.5 out of 5,-646,,$8.49 ,$0.31  / ea
Vaseline Nourishing Moisture Body Lotion Essential Healing  - 10 fl oz,Vaseline,4.0 out of 5,-1155,,$5.99 ,$0.60  / oz
Colgate Toothpaste with Mini Breath Strips Cool Mint  - 6 oz,Colgate,4.5 out of 5,-687,old price$5.29strike through,,$0.67/ oz
"Olay Complete Daily Moisturizer with Sunscreen SPF 15, Sensitive Fragrance-Free  - 4 fl oz",Olay Complete,4.5 out of 5,-591,,$11.99 ,$3.00  / oz
Cepacol Extra Strength Sore Throat & Cough Relief Lozenges Mixed Berry  - 16 ea,Cepacol,4.5 out of 5,-250,,$5.99 ,
Nivea Essentially Enriched Body Lotion  - 16.9 fl oz,Nivea,4.5 out of 5,-3297,,$10.99 ,$0.65  / oz
"Nivea Creme - Body, Face & Hand Moisturizing Cream  - 1 oz",Nivea,4.5 out of 5,-373,,$1.29 ,$1.29  / oz
Softsoap Hand Soap Pump Aloe  - 7.5 fl oz,Softsoap,3.0 out of 5,-1116,,$2.49 ,$0.33  / oz
Walgreens Fingertip Pulse Oximeter  - 1 ea,Walgreens,4.5 out of 5,-4852,old price$44.99strike through,,
Walgreens Digital Thermometer 30 Second Rigid-Tip  - 1 ea,Walgreens,3.5 out of 5,-998,,$9.99 ,
Take Action Emergency Contraceptive  - 1 EA,Take Action,4.0 out of 5,-1020,,$39.99 ,$39.99  / ea
Aquaphor Advanced Therapy Healing Ointment Fragrance Free  - 1.75 oz,Aquaphor,4.5 out of 5,-363,,$7.29 ,$4.17  / oz
Crest Pro-Health Advanced Extra Whitening Toothpaste  - 3.5 oz,Crest Pro-Health Advanced,4.5 out of 5,-576,old price$4.29strike through,,$1.14/ oz
"Walgreens Certainty Underpads, Maximum Absorbency XL (30 ct)  - 30 ea",Walgreens Certainty,4.5 out of 5,-1444,old price$18.99strike through,,
Oral-B Dental Floss Picks Scope Flavor  - 75 ea,Oral-B,4.5 out of 5,-7966,old price$5.29strike through,,$0.05/ ea
Vanicream Moisturizing Cream  - 1 lb,Vanicream,4.5 out of 5,-420,,$16.99 ,$1.06  / oz
"Always Infinity Pads, Heavy, with Wings Unscented, Size 2 (32 ct)  - 32 ea",Always,4.5 out of 5,-1449,,$11.99 ,$0.37  / ea
"Walgreens Certainty Incontinence Guards for Men, Maximum Absorbency  - 52 ea",Walgreens Certainty,4.0 out of 5,-976,old price$12.99strike through,,$0.25/ ea
Dove Deep Moisture Body Wash  - 20 fl oz,Dove,4.5 out of 5,-7865,old price$8.79strike through,,$0.35/ oz
Crest Pro-Health Advanced Extra Teeth Whitening Toothpaste  - 5.1 oz,Crest Pro-Health Advanced,4.5 out of 5,-413,old price$5.29strike through,,$0.98/ oz
"Always Infinity Feminine Pads for Women with Wings, Extra Heavy Overnight Unscented, Size 5  - 22 ea",Always,4.5 out of 5,-1005,,$11.99 ,$0.55  / ea
Clear Care Triple Action Cleaning & Disinfecting Solution  - 24 oz   x 2 pack,Clear Care,4.5 out of 5,-543,,$19.99 ,$0.83  / oz
"Walgreens Adult Washcloths Fresh, 12 x 8 White  - 48 ea",Walgreens,4.5 out of 5,-566,,$9.99 ,$0.21  / sheet
"Always Maxi Overnight Pads with Wings for Women, Extra Heavy Overnight Absorbency Unscented, Size 5 (27 ct)  - 27 ea",Always,4.5 out of 5,-2828,,$12.99 ,$0.48  / ea
Blink For Soft and RGP Contact Lenses  - 0.34 fl oz,Blink,4.5 out of 5,-543,,$7.99 ,$23.50  / oz
L'Oreal Paris Elvive Dream Lengths Restoring Shampoo  - 12.6 fl oz,L'Oreal Paris Elvive,4.5 out of 5,-576,old price$5.99strike through,,$0.44/ oz
SheaMoisture Kids Extra Moisturizing Detangler Coconut and Hibiscus  - 8 oz,SheaMoisture,4.5 out of 5,-311,,$12.99 ,$1.62  / oz
Clear Care Plus Cleaning & Disinfecting Solution with HydraGlyde  - 12 fl oz   x 2 pack,Clear Care,4.0 out of 5,-333,,$19.99 ,$0.83  / oz
"La Roche-Posay Lipikar Triple Repair Lotion, Body and Face Moisturizer  - 13.52 fl oz",La Roche-Posay,4.5 out of 5,-2947,,$19.99 ,$1.48  / oz
L'Oreal Paris Elvive Dream Lengths Conditioner  - 12.6 fl oz,L'Oreal Paris Elvive,4.5 out of 5,-512,old price$5.99strike through,,$0.44/ oz
CeraVe Face & Body Moisturizing Cream with Pump for Normal to Dry Skin Unscented  - 16 oz,CeraVe,4.5 out of 5,-16379,,$19.99 ,$1.25  / oz
"Olay Ultra Moisture Body Wash Coconut Oil, 22 oz  - 22 fl oz",Olay Ultra Moisture,4.5 out of 5,-279,old price$8.29strike through,,$0.32/ oz
"Vaseline Body Gel Oil, Cocoa Radiant for Glowing Skin Cocoa Radiant  - 6.8 fl oz",Vaseline,4.0 out of 5,-323,,$9.49 ,$1.40  / oz
CeraVe Moisturizing Face and Body Lotion with Hyaluronic Acid for Normal to Dry Skin Unscented  - 16 fl oz,CeraVe,4.5 out of 5,-8888,,$18.99 ,$1.19  / oz
L'Oreal Paris Elvive Total Repair Extreme Renewing Conditioner  - 12.6 fl oz,L'Oreal Paris Elvive,4.5 out of 5,-305,old price$5.99strike through,,$0.44/ oz
Gold Bond Age Renew Neck & Chest Skin Firming Age Renew Cream Fragrance Free  - 2 oz,Gold Bond,4.0 out of 5,-4079,,$13.99 ,$7.00  / oz
L'Oreal Paris Elvive Total Repair 5 Repairing Conditioner for Damaged Hair  - 12.6 fl oz,L'Oreal Paris Elvive,4.0 out of 5,-458,old price$5.99strike through,,$0.44/ oz
Walgreens Cough Drops Honey Lemon  - 200 ea,Walgreens,4.5 out of 5,-370,old price$7.99strike through,,$0.03/ ea
"Always Discreet Adult Incontinence Pads for Women, Postpartum Pads No scent, Light Absorbency, Regular Length  - 30 ea",Always Discreet,4.5 out of 5,-523,,$7.99 ,$0.27  / ea
"Colgate Adult Manual Full Head Toothbrush, Soft One Size Multicolor (Packaging May Vary) - 1 ea",Colgate,4.5 out of 5,-359,,2/$2.00or1/$1.29,$1.29  / ea
Colgate MaxFresh Toothpaste with Mini Breath Strips Clean Mint (Packaging May Vary) - 6 oz,Colgate MaxFresh,4.5 out of 5,-295,old price$5.29strike through,,$0.67/ oz
Olay Fresh Outlast Body Wash White Strawberry & Mint  - 22 fl oz,Olay Fresh Outlast,4.5 out of 5,-52379,old price$8.29strike through,,$0.32/ oz
Walgreens Long Pantiliners Unscented  - 92 ea,Walgreens,4.5 out of 5,-391,old price$5.99strike through,,$0.05/ ea
"Gold Bond Healing Hand Cream, With Aloe to Soothe & Comfort  - 3 oz",Gold Bond,4.5 out of 5,-1849,,$4.79 ,$1.60  / oz
"Garnier Whole Blends Repairing Conditioner, Honey Treasures  - 12.5 fl oz",Garnier Whole Blends,4.0 out of 5,-20913,,$5.99 ,$0.48  / oz
Softsoap Liquid Hand Soap Pump Fresh Clear  - 7.5 fl oz,Softsoap,4.0 out of 5,-1237,,$2.49 ,$0.33  / oz
Chloraseptic Sore Throat Lozenges Cherry (Actual Item May Vary) - 18 ea,Chloraseptic,4.0 out of 5,-161,,$6.49 ,$0.36  / ea
Crest Whitening Plus Scope Toothpaste  - 5.4 oz   x 2 pack,Crest,4.5 out of 5,-8038,old price$8.29strike through,,$0.65/ oz
"Olay Complete Lotion Moisturizer with SPF 15, Sensitive Skin Fragrance-Free  - 6 fl oz",Olay Complete,4.5 out of 5,-555,,$16.99 ,$2.83  / oz
Nivea Shea Nourish Body Lotion  - 16.9 fl oz,Nivea,4.5 out of 5,-481,,$10.99 ,$0.65  / oz
Walgreens Cough Drops Menthol  - 30 ea,Walgreens,4.5 out of 5,-116,old price2/$4.00 or 1/$2.49strike through,,$0.07/ ea
Ricola Herb Throat Drops Sugar Free Lemon Mint (Actual Item May Vary) - 19 ea,Ricola,4.5 out of 5,-276,,2/$7.00or1/$3.99,$0.21  / ea
ChapStick Flavored Lip Balm Tube Classic Cherry  - 0.15 oz,ChapStick,4.0 out of 5,-19896,,$1.99 ,
Colgate Total Toothpaste Gel Fresh Mint Stripe  - 3.3 oz,Colgate Total,4.5 out of 5,-412,old price$5.29strike through,,$1.21/ oz
Pantene Daily Moisture Renewal 72 Hour Lush Moisture Shampoo  - 12 OZ,Pantene,4.5 out of 5,-390,old price$5.99strike through,,$0.42/ oz
Walgreens 24 Hour Relief Allergy Nasal Spray  - .62 fl oz,Walgreens,4.5 out of 5,-133,,$22.99 ,$37.08  / oz
Crest Advanced Deep Clean Toothpaste Mint  - 5.1 oz,Crest,4.0 out of 5,-586,old price$5.29strike through,,$0.98/ oz
"Gold Bond Medicated Original Strength Body Powder, Talc-Free  - 10 oz",Gold Bond,4.0 out of 5,-533,,2/$16.00or1/$8.49,$0.85  / oz
Ricola Echinacea Cough Drops Honey Lemon (Actual Item May Vary) - 19 ea,Ricola,4.5 out of 5,-109,,2/$7.00or1/$3.99,$0.21  / ea
Labcorp Pixel COVID-19 PCR Test Home Collection Kit  - 1 ea,Labcorp Pixel,3.5 out of 5,-124,,,
Calmoseptine Calmoseptine Ointment to Prevent & Heal Skin Irritations  - 4 oz,Calmoseptine,4.5 out of 5,-611,,$11.49 ,
Dr. Bronner's Peppermint Castile Soap (Packaging May Vary) - 32 fl oz,Dr. Bronner's,4.5 out of 5,-1069,,$19.99 ,$0.62  / oz
PreserVision AREDS 2 Formula Eye Vitamin & Mineral Supplement Softgels  - 120 ea,PreserVision,4.5 out of 5,-1845,,$39.99 ,$0.33  / ea
AZO Urinary Pain Relief Maximum Strength Tablets  - 12 EA,AZO,4.5 out of 5,-1159,,$11.99 ,$1.00  / ea
Monistat 1 Day or Night Ovule Insert Plus External Cream Combination Pack  - 1 set,Monistat 1,3.5 out of 5,-319,,$25.99 ,$25.99  / ea
OraQuick In-Home HIV Test  - 1 ea,OraQuick,4.5 out of 5,-277,,$49.99 ,
Wet Ones Antibacterial Hand Wipes Travel Pack Fresh  - 20 ea,Wet Ones,4.0 out of 5,-300,,$2.79 ,$0.14  / sheet
Bausch + Lomb Eye Wash  - 4 fl oz,Bausch + Lomb,4.5 out of 5,-262,,$5.49 ,$1.37  / oz
Crest Pro-Health Multi Protection Oral Rinse Clean Mint  - 33.8 fl oz,Crest Pro-Health,4.5 out of 5,-4310,old price$6.99strike through,,$0.18/ oz
Abreva Docosanol 10% Cold Sore Cream Tube (Actual Item May Vary) - 0.07 oz,Abreva,4.0 out of 5,-1462,,$22.99 ,$328.43  / oz
Walgreens Premium Saline Nasal Moisturizing Spray  - 3 fl oz,Walgreens,4.0 out of 5,-30,,$6.99 ,$2.33  / oz
Vanicream Shampoo  - 12 fl oz,Vanicream,4.5 out of 5,-431,,$12.99 ,$1.08  / oz
RepHresh Odor Eliminating Vaginal Gel  - 4 ea,RepHresh,4.0 out of 5,-11458,,$29.99 ,$107.11  / oz
"Always Radiant Feminine Pads For Women, Regular, With Wings Light Clean, Size 1 (30 ct)  - 30 ea",Always,4.5 out of 5,-1804,,$11.99 ,$0.40  / ea
Softsoap Antibacterial Liquid Hand Soap Pump Crisp Clean  - 11.25 fl oz,Softsoap,4.5 out of 5,-265,,$3.29 ,$0.29  / oz
Refresh Mega-3 Lubricant Eye Drops Preservative-Free  - 0.01 fl oz   x 30 pack,Refresh,4.5 out of 5,-2473,,$21.99 ,$0.73  / ea
"Garnier Fructis Pure Clean Fortifying Shampoo, With Aloe and Vitamin E Extract  - 12.5 fl oz",Garnier Fructis Pure Clean,4.0 out of 5,-1375,,$5.49 ,$0.44  / oz
Bausch + Lomb Lumify Redness Reliever Eye Drops  - 0.08 fl oz,Bausch + Lomb Lumify,4.5 out of 5,-2561,,$18.99 ,$237.37  / oz
Bausch + Lomb Biotrue Multi-Purpose Solution  - 10 oz   x 2 pack,Bausch + Lomb,4.5 out of 5,-694,,$19.99 ,$1.00  / oz
"Tampax Pearl Tampons, with LeakGuard Braid No scent, Ultra Absorbency  - 18 ea",Tampax Pearl,4.5 out of 5,-1245,,$6.99 ,$0.39  / ea
Opti-Free RepleniSH Multi-Purpose Disinfection Solution Value Pack  - 2 ea   x 2 pack,Opti-Free,4.5 out of 5,-228,,$19.99 ,$1.00  / oz
CeraVe Moisturizing Face and Body Lotion with Hyaluronic Acid for Normal to Dry Skin Unscented  - 8 fl oz,CeraVe,4.5 out of 5,-8789,,$14.99 ,$1.87  / oz
Dr. Bronner's Lavender Castile Soap  - 32 fl oz,Dr. Bronner's,4.5 out of 5,-549,,$19.99 ,$0.62  / oz
"Oral-B Super Floss Pre-Cut Strands, Dental Floss for Bridges, Braces and Wide Spaces Mint  - 50 ea",Oral-B,3.5 out of 5,-418,old price$5.29strike through,,$0.08/ ea
Oral-B Glide Pro-Health Deep Clean Dental Floss Cool Mint  - 43.7 yd   x 2 pack,Oral-B Glide,4.5 out of 5,-977,old price$11.49strike through,,$0.10/ yd
Crest Pro-Health Advanced Gum Protection Toothpaste  - 3.5 oz,Crest Pro-Health Advanced,4.0 out of 5,-458,old price$4.29strike through,,
Dramamine All Day Less Drowsy Motion Sickness Relief  - 8 ea,Dramamine,4.0 out of 5,-116,,$9.99 ,$1.25  / ea
Rogaine Men's 5% Minoxidil Foam For Hair Regrowth Unscented  - 2.11 oz   x 3 pack,Rogaine,3.5 out of 5,-922,,$74.99 ,$11.85  / oz
Sudafed PE Day + Night Maximum Strength Sinus Decongestant  - 20 ea,Sudafed,4.0 out of 5,-197,,$10.99 ,$0.55  / ea
Always Discreet Adult Incontinence Underwear for Women S/ M (32 ct)  - 32 ea,Always Discreet,4.5 out of 5,-122,old price$23.99strike through,,$0.73/ ea
"Tampax Pearl Tampons Trio Multipack, with LeakGuard Braid No scent  - 34 ea",Tampax Pearl,4.5 out of 5,-968,,$11.99 ,$0.35  / ea
"Always Discreet Adult Incontinence Pads for Women, Postpartum Pads No scent, 6 Extra Heavy Absorbency, Long Length  - 45 ea",Always Discreet,,No reviews,old price$25.99strike through,,$0.56/ ea
Colgate Stain Fighter Whitening Toothpaste Gel Fresh Mint Gel  - 4.2 oz,Colgate,4.5 out of 5,-924,old price$4.99strike through,,$0.95/ oz
"Vicks Sinex Severe Nasal Spray, Moisturizing Ultra Fine Mist with Aloe, Decongestant  - 0.5 fl oz",Vicks Sinex,4.5 out of 5,-389,,$13.99 ,$27.98  / oz
TRESemme Hydrating Shampoo Moisture Rich  - 28 fl oz,TRESemme,4.0 out of 5,-1264,,$7.29 ,$0.26  / oz
"Always Ultra Thin Feminine Pads With Wings for Women, Long Super Unscented, Size 2 (42 ct)  - 42 ea",Always,4.5 out of 5,-1802,,$12.99 ,$0.31  / ea
Blink Mild-Moderate Dry Eye Symptom Relief  - 0.5 fl oz,Blink,4.5 out of 5,-191,,$14.99 ,$29.98  / oz
Q-tips Cotton Swabs Original  - 625 ea,Q-tips,4.0 out of 5,-2076,,$6.79 ,$0.01  / ea
TRESemme Conditioner Moisture Rich  - 28 fl oz,TRESemme,4.5 out of 5,-1238,,$7.29 ,$0.26  / oz
TYLENOL Sinus Severe Non-Drowsy Day Cold & Flu Relief Caplets  - 24 ea,TYLENOL,4.5 out of 5,-224,,$12.49 ,
Bausch + Lomb Lumify Redness Reliever Eye Drops  - 0.25 fl oz,Bausch + Lomb Lumify,4.5 out of 5,-754,,$29.99 ,$119.96  / oz
Oral-B Advanced Whitening Charcoal Toothbrush Medium Black  - 1 ea,Oral-B,4.5 out of 5,-457,old price$4.99strike through,,$4.00/ ea
Omron 10 Series Wireless Upper Arm Blood Pressure Monitor (BP7450)  - 1 ea,Omron,4.0 out of 5,-873,old price$109.99strike through,,
"ACT Anticavity Fluoride Mouthwash, Triple Action Mint (Packaging May Vary) - 18 fl oz",ACT,4.5 out of 5,-346,,$5.99 ,$0.33  / oz
Walgreens Vaporizing Steam Liquid  - 8 fl oz,Walgreens,4.0 out of 5,-147,,2/$18.00or1/$9.99,
Vaseline Petroleum Jelly Original  - 1.75 oz,Vaseline,4.5 out of 5,-3142,,$3.29 ,$1.88  / oz
"G-U-M Soft-Picks Advanced, Dental Floss Picks  - 60 ea",G-U-M,4.0 out of 5,-137,,$7.79 ,$0.13  / ea
Aquaphor Advance Therapy Healing Ointment Fragrance Free  - 14 oz,Aquaphor,4.5 out of 5,-1513,,$19.99 ,$1.43  / oz
O'Keeffe's Working Hands Hand Cream  - 2.7 oz,O'Keeffe's,4.5 out of 5,-264,,$7.99 ,$2.96  / oz
Mielle Organics Rosemary Mint Growth Oil  - 2 fl oz,Mielle Organics,4.5 out of 5,-5810,,$10.99 ,
Dove Beauty Bar Soap Sensitive  - 3.75 oz   x 6 pack,Dove,4.5 out of 5,-3295,old price$11.49strike through,,$0.44/ oz
Walgreens Daytime Severe Sinus Caplets Cool Blast  - 24 ea,Walgreens,4.5 out of 5,-137,,$8.99 ,$0.37  / ea
"Walgreens Maxi Pads, Overnight, Wingless Unscented  - 48 ea",Walgreens,4.5 out of 5,-270,old price$5.79strike through,,$0.09/ ea
Eucerin Eczema Relief Body Cream  - 8 oz,Eucerin,4.5 out of 5,-478,,$15.99 ,$2.00  / oz
Boston Simplus Multi-Action Solution for Rigid Gas Permeable Contact Lenses  - 3.5 oz,Boston,4.5 out of 5,-139,,$14.99 ,$4.28  / oz
"Always Maxi Overnight Pads with Wings for Women Unscented, Size 4 (33 ct)  - 33 ea",Always,4.5 out of 5,-2444,,$12.99 ,$0.39  / ea
CeraVe Face and Body Moisturizing Cream for Normal to Dry Skin with Hyaluronic Acid  - 8 fl oz,CeraVe,4.5 out of 5,-15921,,$14.99 ,$1.87  / oz
"Always Feminine Pads for Women with wings No scent, Size 4 Overnight  - 26 ea",Always,4.5 out of 5,-1394,,$11.99 ,$0.46  / ea
Dove Refreshing Body Wash Cucumber & Green Tea  - 20 fl oz,Dove,4.5 out of 5,-3244,old price$8.79strike through,,$0.35/ oz
CeraVe Moisturizing Face and Body Lotion with Hyaluronic Acid for Normal to Dry Skin Unscented  - 12 fl oz,CeraVe,4.5 out of 5,-8805,,$15.99 ,$1.33  / oz
Walgreens Sugar-Free Cough Drops Menthol  - 150 ea,Walgreens,4.5 out of 5,-353,old price$7.99strike through,,$0.04/ ea
"Tampax Pearl Tampons, with LeakGuard Braid No scent  - 36 ea",Tampax Pearl,4.5 out of 5,-2553,,$11.99 ,$0.33  / ea
Colgate Stain Fighter Whitening Toothpaste Clean Mint  - 4.2 oz,Colgate,4.5 out of 5,-857,old price$4.99strike through,,$0.95/ oz
"Walgreens Maxi Pads, Long Super, With Flexi-Wings Size 2 (ct. 32)  - 32 ea",Walgreens,4.5 out of 5,-248,old price$5.99strike through,,$0.14/ ea
Poise Incontinence Pads 3 (30 Ct)  - 30 ea,Poise,4.0 out of 5,-2323,old price2/$14.00 or 1/$7.49strike through,,$0.25/ ea
Walgreens Anefrin Nasal Spray  - 1 fl oz,Walgreens,3.5 out of 5,-158,,$10.99 ,$10.99  / oz
Secret Invisible Solid Antiperspirant and Deodorant Powder Fresh  - 2.6 oz,Secret,4.0 out of 5,-591,,$5.79 ,$2.23  / oz
DenTek Triple Clean Advanced Clean Floss Picks Mouthwash Blast (Packaging May Vary) - 90 ea,DenTek,4.5 out of 5,-720,,$3.99 ,$0.04  / ea
Olay Total Effects Tone Correcting CC Cream SPF 15 Light to Medium  - 1.7 OZ,Olay,4.0 out of 5,-411,,$27.99 ,$16.46  / oz
"Always Anti-Bunch Xtra Protection Daily Liners, Extra Long Absorbency Unscented, Extra Long Absorbency (Actual Item May Vary) - 68 ea",Always,4.5 out of 5,-310,,$9.99 ,$0.15  / ea
"Listerine Antiseptic Mouthwash, Bad Breath & Plaque Mint  - 33.8 fl oz",Listerine,4.5 out of 5,-3242,,$9.49 ,$0.28  / oz
Advil Sinus Congestion & Pain Coated Tablets 10  - 10 ea,Advil,4.5 out of 5,-2396,,$8.29 ,$0.83  / ea
Aquaphor Healing Ointment  - 0.35 oz   x 2 pack,Aquaphor,4.5 out of 5,-732,,$6.49 ,$9.27  / oz
"Always Radiant Feminine Pads For Women, Heavy, With Wings Light Clean, Size 2 (26 ct)  - 26 ea",Always,4.5 out of 5,-1834,,$11.99 ,$0.46  / ea
Garnier Fructis Pure Clean Pure Clean Hydrating Conditioner for All Hair Types  - 12 fl oz,Garnier Fructis Pure Clean,4.0 out of 5,-1013,,$5.49 ,$0.46  / oz
"Poise Incontinence Pads & Postpartum Incontinence Pads, 6 Drop Ultimate Absorbency 6 Ultimate Regular  - 33 ea",Poise,4.0 out of 5,-2258,old price$18.99strike through,,$0.58/ ea
Garnier Whole Blends Smoothing Shampoo with Coconut Oil & Cocoa Butter Extracts  - 12.5 fl oz,Garnier Whole Blends,4.5 out of 5,-7984,,$5.99 ,$0.48  / oz
Eucerin Original Healing Cream Fragrance Free  - 16 oz,Eucerin,4.0 out of 5,-460,,$21.99 ,$1.37  / oz
Super Poligrip Denture Adhesive Cream Additive Free  - 2.4 oz,Super Poligrip,4.0 out of 5,-117,,$5.49 ,$2.29  / oz
Lubriderm Lotion Unspecified  - 16 fl oz,Lubriderm,4.5 out of 5,-782,,$14.49 ,$0.60  / oz
Vaseline Hand and Body Lotion Cocoa Radiant  - 20.3 fl oz,Vaseline,4.0 out of 5,-1523,,$9.79 ,$0.48  / oz
Aveeno Daily Moisturizing Lotion with Oat for Dry Skin Fragrance Free  - 12 fl oz,Aveeno,4.5 out of 5,-3560,,$11.49 ,$0.96  / oz
Arm & Hammer Peroxi-Care Fluoride Anti-Cavity Toothpaste Mint  - 6 oz,Arm & Hammer,4.0 out of 5,-392,,$5.79 ,$0.96  / oz
Colgate 2-in-1 Whitening Toothpaste Gel and Mouthwash  - 4.6 oz,Colgate,4.0 out of 5,-420,,$6.29 ,$1.37  / oz
Degree Antiperspirant Deodorant Pure Clean  - 2.6 oz,Degree,4.5 out of 5,-1050,,$6.49 ,$2.50  / oz
O'Keeffe's Working Hands Hand Cream Unscented  - 3 oz,O'Keeffe's Working Hands,4.5 out of 5,-93,,$8.49 ,$2.83  / oz
"Gold Bond Healing Hydrating Cream, With Aloe Aloe  - 5.5 oz",Gold Bond,4.0 out of 5,-1325,,$7.29 ,$1.33  / oz
Walgreens Petroleum Jelly Unscented  - 13 oz,Walgreens,4.0 out of 5,-129,,$5.99 ,$0.43  / oz
Nivea Nourishing Skin Firming Body Lotion  - 16.9 fl oz,Nivea,4.5 out of 5,-264,,$12.99 ,$0.77  / oz
ACT Restoring Anticavity Fluoride Mouthwash Cool Mint  - 18 fl oz,ACT,4.0 out of 5,-93,,$6.49 ,$0.36  / oz
Walgreens Cough Drops Cherry  - 200 ea,Walgreens,4.5 out of 5,-214,old price$7.99strike through,,$0.03/ ea
Vaseline Soothing Hydration Body Lotion Aloe Soothe  - 20.3 fl oz,Vaseline,4.0 out of 5,-909,,$9.79 ,$0.48  / oz
"Poise Daily Liners, Incontinence Panty Liners, Very Light Absorbency, Regular Length 2 (48 ct)  - 48 ea",Poise,4.5 out of 5,-4937,old price2/$14.00 or 1/$7.49strike through,,$0.16/ ea
Neutrogena Ultra Sheer Dry-Touch SPF 55 Sunscreen Lotion  - 3 fl oz,Neutrogena,4.0 out of 5,-546,,$14.99 ,$5.00  / oz
"Colgate Adult Manual Full Head Toothbrush, Medium One Size Multicolor  - 1 ea",Colgate,4.5 out of 5,-304,,2/$2.00or1/$1.29,$1.29  / ea
Eucerin Advanced Repair Hand Cream Fragrance Free  - 2.7 oz,Eucerin,3.5 out of 5,-436,,$5.99 ,$2.22  / oz
Fixodent Complete Original Denture Adhesive Cream Original  - 2.4 oz   x 2 pack,Fixodent,4.0 out of 5,-430,,$12.99 ,$2.71  / oz
Nivea Skin Firming Hydration Body Lotion  - 16.9 fl oz,Nivea,4.5 out of 5,-1572,,$12.99 ,$0.77  / oz
Garnier Whole Blends Smoothing Conditioner Coconut Oil & Cocoa Butter Extract  - 12.5 fl oz,Garnier Whole Blends,4.5 out of 5,-7581,,$5.99 ,$0.48  / oz
Nexxus Mousse + Volumizing Foam  - 10.6 oz,Nexxus,4.0 out of 5,-456,,$17.99 ,
Hyland's Naturals Kids Cold & Cough  - 4 fl oz,Hyland's Naturals,4.0 out of 5,-121,,$12.99 ,$3.25  / oz
Dove Deep Moisture Body Wash with Pump Deep Moisture  - 30.6 fl oz,Dove,4.5 out of 5,-7494,,$12.99 ,$0.42  / oz
Degree Antiperspirant Deodorant Dry Spray Shower Clean  - 3.8 oz,Degree,4.0 out of 5,-454,,$7.49 ,$1.97  / oz
Aveeno Daily Moisturizing Lotion with Oat for Dry Skin Fragrance Free  - 8 oz,Aveeno,4.5 out of 5,-3308,,$9.99 ,$1.25  / oz
"Walgreens Ultra Thin Maxi Pads, Long Super, Wingless Unscented, Size 2 (ct 40)  - 40 ea",Walgreens,4.5 out of 5,-268,old price$5.99strike through,,$0.11/ ea
Ricola Herb Throat Drops Sugar Free Lemon Mint  - 45 ea,Ricola,4.5 out of 5,-289,old price2/$13.99 or 1/$7.99strike through,,$0.17/ ea
Degree Antiperspirant Deodorant Sexy Intrigue  - 2.6 oz,Degree,4.5 out of 5,-832,,$6.49 ,$2.50  / oz
Aquaphor Lip Repair Stick  - 0.17 oz   x 2 pack,Aquaphor,4.5 out of 5,-987,,2/$16.00or1/$10.99,
Nivea Men Maximum Hydration Nourishing Body Lotion  - 16.9 fl oz,Nivea Men,4.5 out of 5,-192,,$10.99 ,$0.65  / oz
"Walgreens Maxi Pads With Flexi-Wings Unscented, Size 4 (ct 28)  - 28 ea",Walgreens,4.5 out of 5,-434,old price$5.99strike through,,$0.16/ ea
"Walgreens Ultra Thin Maxi Pads With Flexi-Wings Unscented, Size 4 (ct 28)  - 28 ea",Walgreens,4.5 out of 5,-196,old price$5.99strike through,,$0.16/ ea
Mitchum Triple Odor Defense Gel Antiperspirant Deodorant Shower Fresh  - 3.4 oz,Mitchum,4.5 out of 5,-108,,$9.79 ,$1.44  / oz
"Walgreens Ultra Thin Maxi Pads With Flexi-Wings Unscented, Size 1 (ct 36)  - 36 ea",Walgreens,4.5 out of 5,-197,old price$5.99strike through,,$0.12/ ea
"Garnier Fructis Style Curl Construct Creation Mousse with Coconut Water, For Curly Hair  - 6.8 oz",Garnier Fructis Style,4.0 out of 5,-647,,$5.99 ,
Olay Anti-Wrinkle Day Face Lotion with Sunscreen SPF 15  - 3.4 fl oz,Olay,4.5 out of 5,-167,,$17.99 ,$5.29  / oz
CeraVe Face and Body Moisturizing Cream for Normal to Dry Skin with Hyaluronic Acid Unscented  - 16 oz,CeraVe,4.5 out of 5,-15854,,$18.99 ,$1.19  / oz
Crest Outlast Complete Whitening Toothpaste Long Lasting Mint  - 5.4 oz,Crest,4.5 out of 5,-3736,old price$5.29strike through,,
CeraVe Healing Ointment to Protect and Soothe Dry Skin  - 12 oz,CeraVe,4.5 out of 5,-1382,,$19.99 ,$1.67  / oz
Walgreens Saline Nasal Moisturizing Spray  - 1.5 fl oz,Walgreens,4.0 out of 5,-105,,$4.29 ,$4.29  / oz
"Delsym Adult 12 hour Cough Relief Medicine, Cough Suppressing Liquid Grape  - 5 Oz",Delsym,4.5 out of 5,-145,old price$22.99strike through,,
Nivea Creme Soft  - 0.84 oz,Nivea,4.5 out of 5,-6937,,$1.29 ,
Flonase Allergy Relief Nasal Spray  - 0.38 fl oz,Flonase,4.5 out of 5,-1237,,$21.99 ,$57.87  / oz
"Old Spice Men's Antiperspirant & Deodorant, 24/ 7 Sweat Protection Oasis with Vanilla  - 2.26 oz",Old Spice,4.5 out of 5,-990,,$9.79 ,$3.77  / oz
Degree Advanced Protection Antiperspirant Deodorant Dry Spray Lavender & Waterlily  - 3.8 oz,Degree Advanced Protection,4.5 out of 5,-386,,$7.49 ,$1.97  / oz
Walgreens True Metrix Self-Monitoring Blood Glucose Test Strips  - 60 ea,Walgreens,4.5 out of 5,-298,,$18.99 ,$0.32  / ea
"Purell Advanced Hand Sanitizer, Pump  - 8 fl oz",Purell,4.5 out of 5,-286,old price$4.79strike through,,$0.45/ oz
Blistex Medicated Lip Ointment  - 0.21 oz   x 2 pack,Blistex,4.5 out of 5,-253,,2/$12.00or1/$6.49,$7.73  / oz
Halls Cough Drops (Actual Item May Vary) - 80 ea,Halls,4.5 out of 5,-106,old price$7.99strike through,,$0.10/ ea
SheaMoisture Leave-In Conditioning Hairspray Coconut & Hibiscus  - 8 fl oz,SheaMoisture,4.5 out of 5,-76,,$12.99 ,
Colgate Total Deep Clean Toothpaste Mint  - 3.3 oz,Colgate Total,4.5 out of 5,-26,old price$5.29strike through,,$1.21/ oz
"Always Discreet Adult Incontinence Pads for Women, Ultimate Extra Protect Absorbency No scent, Long length  - 42 ea",Always Discreet,4.5 out of 5,-10,old price$25.99strike through,,$0.59/ ea
"Depend Adult Incontinence Underwear for Women, Disposable, Maximum L (ct 28), Blush Blush  - 28 ea",Depend,4.5 out of 5,-2848,old price$24.99strike through,,$0.89/ ea
Pantene Classic Clean 2-in-1 Shampoo & Conditioner Floral  - 12 fl oz,Pantene,4.0 out of 5,-966,old price$5.99strike through,,$0.42/ oz
Suave Antiperspirant & Deodorant Stick Coconut Kiss  - 1.2 oz,Suave,4.5 out of 5,-377,,$2.49 ,$2.08  / oz
SheaMoisture Conditioner Coconut & Hibiscus  - 13 fl oz,SheaMoisture,4.0 out of 5,-230,,$12.99 ,
Walgreens Premoistened Lens Wipes  - 120 ea,Walgreens,4.0 out of 5,-123,,$11.99 ,
Walgreens Certainty Adult Incontinence Stretch Briefs with Tabs Large/ X-Large  - 16 ea,Walgreens Certainty,4.0 out of 5,-101,old price$12.99strike through,,$0.81/ ea
DrugConfirm 7 Drugs Home Drug Test  - 1 ea,DrugConfirm,4.0 out of 5,-91,,$29.99 ,
"Vicks Vapor Pads Family Pack Lavender, Rosemary  - 12 ea",Vicks,4.0 out of 5,-59,,$15.99 ,$15.99  / ea
Vicks VapoCOOL SEVERE Medicated Sore Throat Drops Honey Lemon Chill  - 18 ea,Vicks,4.5 out of 5,-24,,$3.99 ,$0.22  / ea
"Mucinex InstaSoothe Sore Throat Relief Drops, For Soothing Comfort Honey & Echinacea  - 20 ea",Mucinex InstaSoothe,3.5 out of 5,-102,,$4.99 ,$0.25  / ea
ChapStick Classic Lip Balm Tube Original  - .15 oz,ChapStick,3.0 out of 5,-170,,$1.99 ,
Exergen Comfort Scanner Temporal Thermometer  - 1 Each,Exergen,4.0 out of 5,-748,,$44.99 ,
WaxRx pH Conditioned Ear Wash System  - 1 ea,WaxRx,4.0 out of 5,-322,,$39.99 ,$39.99  / ea
Walgreens Premium True Metrix Self-Monitoring Blood Glucose Meter Black  - 1 ea,Walgreens,3.5 out of 5,-584,,$19.99 ,
Walgreens Sitz Bath  - 1 ea,Walgreens,3.5 out of 5,-243,,$21.99 ,
Walgreens A1C Test Kit  - 1 set,Walgreens,3.5 out of 5,-481,,$49.99 ,
First Response Early Result Pregnancy Test  - 2 ea,First Response,4.0 out of 5,-5602,,$18.99 ,
CONTOUR NEXT Blood Glucose Strips Value Pack  - 70 ea,CONTOUR NEXT,4.0 out of 5,-573,,$36.99 ,
Braun Thermoscan Ear Thermometer  - 1 ea,Braun Thermoscan,4.5 out of 5,-468,old price$49.99strike through,,
"Lamisil Lamisil Athlete's Foot Antifungal Cream, 1% Terbinafine Hydrochloride, 1.0 oz  - 1 oz",Lamisil,4.5 out of 5,-253,,$21.99 ,
Walgreens Antibacterial Plus Urinary  - 24 ea,Walgreens,4.0 out of 5,-155,,$13.49 ,$0.56  / ea
"Debrox Earwax Removal Kit, Ear Drops and Bulb Ear Syringe  - 0.5 fl oz",Debrox,4.0 out of 5,-313,,$10.99 ,$21.98  / oz
Walgreens Hand Sanitizer Wipes  - 72 ea,Walgreens,4.0 out of 5,-117,,$4.99 ,$0.07  / ea
Rogaine Men's Extra Strength 5% Minoxidil Solution Unscented  - 2 fl oz   x 3 pack,Rogaine,3.5 out of 5,-352,,$74.99 ,$12.50  / oz
"AZO Yeast Plus Dual Relief, Homeopathic, Tablets  - 60 ea",AZO,3.5 out of 5,-244,,$11.49 ,$0.19  / ea
Walgreens Auto Arm Blood Pressure Monitor  - 1 ea,Walgreens,3.5 out of 5,-581,old price$49.99strike through,,
Walgreens Clotrimazole Vaginal Cream  - 1.5 oz,Walgreens,4.0 out of 5,-92,,$15.99 ,$15.99  / ea
Systane Ultra Lubricant Eye Drops  - 0.33 fl oz,Systane Ultra,4.5 out of 5,-294,,$14.99 ,$45.42  / oz
SheaMoisture Curl Enhancing Smoothie Coconut & Hibiscus  - 3.2 oz,SheaMoisture,3.5 out of 5,-1775,,$2.99 ,$0.93  / oz
Walgreens Soothing Eye Wash  - 4 fl oz,Walgreens,4.0 out of 5,-168,,$4.79 ,
Walgreens Disposable Probe Covers  - 60 ea,Walgreens,4.5 out of 5,-97,,$5.99 ,
Orajel Baby Daytime and Nighttime Non-Medicated Cooling Gels for Teething  - 0.18 oz   x 2 pack,Orajel,4.0 out of 5,-179,,$6.79 ,$18.86  / oz
PATADAY Eye Itch Relief  - 5 mL,PATADAY,4.5 out of 5,-310,,$19.99 ,$124.94  / oz
SNORERx Snore Rx Stop Snoring Mouthguard  - 1 ea,SNORERx,3.0 out of 5,-302,,$59.99 ,$59.99  / ea
Colgate Peroxyl Antiseptic Mouth Sore Rinse Mild Mint  - 8.4 fl oz,Colgate,4.5 out of 5,-281,,$8.99 ,$1.07  / oz
Monistat 3 Day Ovule Inserts Plus External Cream Combination Pack  - 1 set,Monistat,4.0 out of 5,-109,,$21.99 ,$7.33  / ea
"Aveeno Soothing Bath Soak For Eczema, Natural Colloidal Oatmeal Single Use Packets (Actual Item May Vary) - 1.5 oz   x 8 pack",Aveeno,4.5 out of 5,-323,old price$9.99strike through,,$0.67/ oz
Nizoral Anti-Dandruff Shampoo  - 7 fl oz,Nizoral,4.5 out of 5,-3763,,$21.99 ,$3.14  / oz
Orajel 3X Medicated For All Mouth Sores Gel  - 0.42 oz,Orajel,4.0 out of 5,-150,,$9.79 ,$23.31  / oz
Clinere Personal Ear Cleaners for Earwax Removal  - 10 ea,Clinere,3.5 out of 5,-96,,$9.99 ,$1.00  / ea
Softsoap Liquid Hand Soap Aquarium Refill  - 50 fl oz,Softsoap,4.0 out of 5,-1271,,$6.99 ,$0.14  / oz
Oral-B Pro-Flex Stain Eraser Manual Toothbrush Medium Full Head  - 1 ea,Oral-B,4.5 out of 5,-303,old price$6.29strike through,,$5.00/ ea
"Bio-Oil Body Oil for Scars and Stretch Marks, Serum Hydrates  - 2 fl oz",Bio-Oil,4.0 out of 5,-112,old price$12.99strike through,,$5.84/ oz
Walgreens Digital 10 Second Flexible Tip Thermometer  - 1 ea,Walgreens,3.0 out of 5,-208,,$15.99 ,
Walgreens On The Move Spray Bottle for Travel Clear  - 1 ea,Walgreens,4.0 out of 5,-92,,$2.99 ,$2.99  / ea
Walgreens Saline Solution  - 12 fl oz,Walgreens,4.0 out of 5,-65,,$3.99 ,$0.33  / oz
Clearblue Digital Pregnancy Test with Smart Countdown  - 2 ea,Clearblue,4.5 out of 5,-619,old price$24.99strike through,,$11.49/ ea
Scalpicin Maximum Strength Liquid Scalp Itch Treatment  - 1.5 fl oz,Scalpicin,4.5 out of 5,-99,,$9.79 ,
Walgreens Auto Wrist Blood Pressure Monitor  - 1 ea,Walgreens,3.5 out of 5,-426,old price$49.99strike through,,
Walgreens True Metrix Self-Monitoring Blood Glucose Test Strips  - 50 ea,Walgreens,4.0 out of 5,-297,,$42.99 ,$0.86  / ea
Systane Ultra High Performance Lubricant Eye Drops  - 20 ml   x 2 pack,Systane Ultra,4.5 out of 5,-455,,$26.99 ,$40.89  / oz
Clearblue Pregnancy Test Combo Pack  - 2 ea,Clearblue,4.5 out of 5,-1329,old price$19.99strike through,,$8.99/ ea
CeraVe Face and Body Moisturizing Cream for Normal to Dry Skin Unscented  - 12 oz,CeraVe,4.5 out of 5,-16137,,$16.99 ,$1.42  / oz
"Gold Bond Overnight Deep Moisturizing Lotion, With Calming Scent  - 8 oz",Gold Bond,4.5 out of 5,-901,,$11.99 ,$1.50  / oz
Vaseline Healing Jelly Original Original (Actual Item May Vary) - 13 oz,Vaseline,4.5 out of 5,-2974,,$7.99 ,$0.61  / oz
Neutrogena Therapeutic Shampoo  - 4.5 fl oz,Neutrogena,4.5 out of 5,-786,,$11.49 ,$2.55  / oz
"U by Kotex Balance Thin Wrapped Liners Unscented, Regular (50 ct)  - 50 ea",U by Kotex,4.5 out of 5,-3070,,$6.99 ,$0.14  / ea
Walgreens Whitening Wraps with Advanced Form Fitting Technology Mint  - 28 ea,Walgreens,3.5 out of 5,-221,,$24.99 ,$0.89  / ea
"Crest Classic Vivid At-home Teeth Whitening Kit 10 Treatments, 6 Levels Whiter  - 10 ea",Crest,4.0 out of 5,-1726,old price$35.99strike through,,$1.50/ ea
Gold Bond Cocoa Butter Glow Daily Hydrating Lotion Light Brown  - 14 oz,Gold Bond,4.5 out of 5,-645,,$11.99 ,$0.86  / oz
Walgreens Motion Sickness Relief Chewable Tablets Raspberry  - 16 ea,Walgreens,4.0 out of 5,-85,,$8.49 ,$0.53  / ea
Walgreens Deluxe Arm Blood Pressure Monitor  - 1 ea,Walgreens,3.5 out of 5,-540,old price$59.99strike through,,
OCuSOFT Retaine MGD Lubricant Eye Drops Single-Dose Containers  - 0.01 fl oz   x 30 pack,OCuSOFT,4.5 out of 5,-406,,$26.99 ,$0.90  / ea
Systane Ultra Lubricant Eye Drops High Performance  - 0.28 oz   x 2 pack,Systane Ultra,4.5 out of 5,-198,,$13.99 ,$49.96  / oz
Benzedrex Inhaler Nasal Decongestant  - 1 ea,Benzedrex Inhaler,4.5 out of 5,-100,,$8.99 ,$8.99  / ea
Orajel 4X Medicated For Toothache & Gum Gel  - 0.25 oz,Orajel,3.5 out of 5,-200,,$11.49 ,$45.96  / oz
Blistex Lip Medex Analgesic Lip Protectant  - 0.25 oz,Blistex,4.5 out of 5,-276,,$1.79 ,$7.16  / oz
Omron 3 Series Upper Arm Blood Pressure Monitor (BP7100)  - 1 ea,Omron,4.0 out of 5,-472,old price$69.99strike through,,
Walgreens Ear Wax Removal Drops  - 0.5 fl oz,Walgreens,4.5 out of 5,-84,,$6.49 ,$12.98  / oz
Refresh Tears Lubricant Eye Drops (Actual Item May Vary) - 0.5 fl oz   x 2 pack,Refresh,4.5 out of 5,-258,,$17.99 ,$17.99  / oz
Cepacol Extra Strength Medicated Sore Throat Lozenges Cherry  - 16 ea,Cepacol,4.5 out of 5,-268,,$5.99 ,$0.37  / ea
Oral-B Pro 1000 CrossAction Electric Toothbrush White  - 1 set,Oral-B,4.5 out of 5,-1255,,$66.99 ,
"Poise Daily Liners, Incontinence Panty Liners, Very Light Absorbency, Long Length 2 Long (ct 44)  - 44 ea",Poise,4.5 out of 5,-4846,old price2/$14.00 or 1/$7.49strike through,,$0.17/ ea
"Walgreens Docosanol Cream, 10%  - 0.07 oz",Walgreens,4.0 out of 5,-208,,$17.99 ,$257.00  / oz
Walgreens Motion Sickness Relief Tablets  - 16 ea,Walgreens,4.0 out of 5,-94,,$8.49 ,$0.53  / ea
Refresh Lubricant Eye Drops Preservative-Free Tears  - 0.01 oz   x 70 pack,Refresh,4.5 out of 5,-227,,$31.99 ,$45.70  / oz
Nature Made Prenatal Multi + DHA Softgels  - 90 ea,Nature Made,4.0 out of 5,-74,,$39.99 ,$0.44  / ea
Refresh Soothing Lubricant Eye Gel (Actual Item May Vary) - 0.5 fl oz,Refresh,4.5 out of 5,-209,,$12.49 ,$24.98  / oz
TheraBreath Fresh Breath Oral Rinse Mild Flavor (Packaging May Vary) - 16 fl oz,TheraBreath,4.5 out of 5,-613,,$9.79 ,$0.61  / oz
Ocuvite Eye Health Adult 50+  - 90 ea,Ocuvite,4.5 out of 5,-221,,$29.99 ,$0.33  / ea
SheaMoisture Multi-Action Leave-In  - 8 oz,SheaMoisture,4.5 out of 5,-265,,$13.99 ,$1.75  / oz
Old Spice Red Zone Body Wash for Men Swagger (Packaging May Vary) - 21 fl oz,Old Spice Red Zone,4.0 out of 5,-298,old price$8.49strike through,,$0.33/ oz
Walgreens Oral Pain Relief Paste Maximum Strength Assorted  - 0.42 oz,Walgreens,4.0 out of 5,-66,,$7.99 ,$19.02  / oz
"Crest Pro-Health Advanced Advanced Multi-Protection Mouthwash/ Mouth Rinse, Alcohol Free Fresh Mint  - 33.8 fl oz",Crest Pro-Health Advanced,4.5 out of 5,-4637,old price$7.99strike through,,$0.22/ oz
Got2b Glued Blasting Freeze Spray  - 12 oz,Got2b,4.0 out of 5,-108,,$8.99 ,
"Gold Bond Comfort Body Powder, Talc-Free Fresh Clean  - 10 oz",Gold Bond,4.5 out of 5,-301,,$6.79 ,$0.68  / oz
Ayr Saline Nasal Mist (Actual Item May Vary) - 1.69 fl oz,Ayr,4.5 out of 5,-159,,$6.29 ,$3.70  / oz
"U by Kotex Wrapped Panty Liners Unscented, Regular Length  - 40 ea",U by Kotex,4.5 out of 5,-2472,,$6.99 ,$0.17  / ea
Refresh Extended Therapy Gel Drops Lubricant Eye Gel  - 0.33 fl oz,Refresh,4.5 out of 5,-179,,$19.99 ,$58.79  / oz
Refresh Vials Lubricant Eye Drops Preservative-Free  - 0.1 fl oz   x 60 pack,Refresh,4.5 out of 5,-146,,$31.99 ,$53.32  / oz
TRESemme Protecting Heat Spray Keratin Smooth Thermal Creations  - 8 fl oz,TRESemme,4.5 out of 5,-2313,,$7.99 ,
Dr. Bronner's All-One Hemp Pure-Castile Soap Bar Lavender  - 5 oz,Dr. Bronner's,4.5 out of 5,-197,,$5.29 ,$1.06  / oz
Secret Aluminum Free Deodorant  - 2.4 oz,Secret,4.0 out of 5,-1292,,$8.79 ,$3.66  / oz
"Flonase Allergy Relief Nasal Spray Scent Free, 60 Sprays  - 60 ea",Flonase,4.5 out of 5,-1594,,$21.99 ,$64.68  / oz
Shine 'n Jam Conditioning Extra Hold Gel  - 4 oz,Shine 'n Jam,4.5 out of 5,-121,,$3.79 ,
Refresh Contacts Contact Lens Comfort Moisture Drops for Dry Eyes (Actual Item May Vary) - 0.4 fl oz,Refresh,4.5 out of 5,-87,,$10.99 ,$30.53  / oz
SheaMoisture Curl Mousse Coconut and Hibiscus  - 7.5 oz,SheaMoisture,4.0 out of 5,-307,,$13.99 ,
Accu-Chek Guide Test Strips  - 25 ea,Accu-Chek,4.0 out of 5,-145,old price$15.99strike through,,
"Always Maxi Overnight Pads With Wings For Women, Extra Heavy Overnight Absorbency Unscented, Size 5 (20 ct)  - 20 ea",Always,4.5 out of 5,-2842,,$8.99 ,$0.45  / ea
Walgreens Saline Packets  - 0.1 oz   x 100 pack,Walgreens,4.5 out of 5,-279,,$12.49 ,$0.12  / ea
OCuSOFT Lid Scrub Plus Eyelid Cleanser Pre-Moistened Pads  - 30 ea,OCuSOFT,4.5 out of 5,-275,,$24.99 ,$0.83  / ea
Gillette Fusion5 Razor Refills for Men No scent  - 8 ea,Gillette Fusion5,4.5 out of 5,-3884,,$33.99 ,$4.25  / ea
"G-U-M Proxabrush Go-Betweens - Tight, Interdental Brushes  - 10 ea",G-U-M,4.5 out of 5,-150,,$6.29 ,$0.63  / ea
Listerine Anticavity Fluoride Mouthwash Fresh Mint  - 1 L,Listerine,4.0 out of 5,-988,,$11.99 ,$0.35  / oz
Tampax Radiant Tampons with LeakGuard Braid No scent  - 28 ea,Tampax Radiant,4.5 out of 5,-1481,,$11.99 ,$0.43  / ea
Ocuvite Adult 50+ Lutein & Omega 3 Eye Vitamin & Mineral Supplement Softgels  - 50 ea,Ocuvite,4.5 out of 5,-191,,$17.99 ,$0.36  / ea
"Garnier Fructis Triple Nutrition Shampoo, Dry to Very Dry Hair  - 12.5 fl oz",Garnier Fructis Triple Nutrition,4.5 out of 5,-755,,$5.49 ,$0.44  / oz
Bausch + Lomb Biotrue Multi-Purpose Solution  - 10 fl oz,Bausch + Lomb,4.5 out of 5,-285,,$10.99 ,$1.10  / oz
Neutrogena Hydro Boost Body Gel Cream with Hyaluronic Acid  - 16 oz,Neutrogena,4.5 out of 5,-19669,,$13.99 ,$0.87  / oz
Aveeno Daily Moisturizing Lotion with Oat for Dry Skin Fragrance-Free  - 18 fl oz,Aveeno,4.5 out of 5,-3515,,$14.99 ,$0.83  / oz
TRESemme Hairspray Non Aerosol Extra Hold  - 10 fl oz,TRESemme,4.0 out of 5,-604,,$7.99 ,
"Crest Glamorous White Mouthwash/ Mouth Rinse, Alcohol Free Artic Mint  - 32 fl oz",Crest,4.5 out of 5,-1039,old price$9.79strike through,,$0.28/ oz
Walgreens Petroleum Jelly Unscented  - 2.5 oz,Walgreens,4.0 out of 5,-106,,$4.99 ,$2.00  / oz
Dramamine Original Formula Motion Sickness Relief  - 12 ea,Dramamine,4.5 out of 5,-393,,$9.99 ,$0.83  / ea
Vanicream Sensitive Skin Conditioner  - 12 fl oz,Vanicream,4.0 out of 5,-240,,$12.99 ,$1.08  / oz
Biotene Mouthwash For Dry Mouth Relief Fresh Mint  - 16 fl oz,Biotene,4.5 out of 5,-826,,$8.49 ,$0.53  / oz
Suave Non Aerosol Hairspray Unscented  - 11 fl oz,Suave,4.0 out of 5,-310,,$4.49 ,
Blink Moderate-Severe Dry Eye Symptom Relief  - 0.34 fl oz,Blink,4.5 out of 5,-247,,$14.99 ,$44.09  / oz
Gillette Venus Sensitive Sensible Sensitive Women's Disposable Razor  - 3 ea,Gillette Venus Sensitive Sensible,4.0 out of 5,-369,,$9.49 ,$3.16  / ea
Afrin Original Maximum Strength Nasal Spray  - 1 fl oz,Afrin,4.0 out of 5,-207,,$17.99 ,$17.99  / oz
Aussie Paraben Free Conditioner Avocado & Jojoba Oil  - 26.2 fl oz,Aussie,4.5 out of 5,-1414,,$8.99 ,$0.34  / oz
Softsoap Moisturizing Body Wash Pomegranate and Mango  - 20 oz,Softsoap,4.5 out of 5,-431,,$6.99 ,$0.35  / oz
Walgreens Regular Pantiliners  - 64 ea,Walgreens,4.0 out of 5,-350,old price$3.49strike through,,$0.04/ ea
Walgreens Travel Bottle 3.4 oz  - 4 ea,Walgreens,4.5 out of 5,-48,,2/$10.00or1/$5.99,
ReNu Advanced Multi-Purpose Solution  - 12 oz   x 2 pack,ReNu,4.5 out of 5,-281,,$16.99 ,$0.71  / oz
"Oral-B Advanced Clean Toothbrushes, Color Changing Bristles Soft Different colors  - 4 ea",Oral-B,4.0 out of 5,-694,old price$10.99strike through,,$2.00/ ea
TRESemme Extra Hold Hairspray Extra Hold  - 4.2 oz,TRESemme,4.5 out of 5,-1317,,$6.99 ,
Walgreens Oral Relief Sore Throat Spray Cherry  - 6 fl oz,Walgreens,3.5 out of 5,-104,,2/$14.00or1/$7.99,$1.33  / oz
Colgate Optic White Renewal Whitening Toothpaste High Impact White  - 3 oz,Colgate Optic White,4.5 out of 5,-9477,,$10.49 ,$3.50  / oz
Neutrogena Body Clear Body Wash  - 8.5 fl oz,Neutrogena,4.0 out of 5,-724,,$11.49 ,$1.35  / oz
"Vicks Sinex Severe Nasal Spray, Original Ultra Fine Mist, Decongestant Medicine  - 0.5 fl oz",Vicks Sinex,4.5 out of 5,-330,,$13.99 ,$27.98  / oz
"Delsym 12 Hour Cough Suppressant Liquid, Cough Relief Medicine Orange (Actual Item May Vary) - 3 fl oz",Delsym,4.0 out of 5,-214,,$15.99 ,
Oral-B Complete Dental Floss Picks Long Lasting Scope  - 150 ea,Oral-B Complete,4.5 out of 5,-7481,old price$8.79strike through,,$0.05/ ea
"Carefree Acti-Fresh Body Shape Panty Liners Wrapped Unscented, Extra Long  - 36 ea",Carefree,3.5 out of 5,-139,,$5.49 ,$0.15  / ea
Jergens Ultra Healing Extra Dry Skin Moisturizer Unscented  - 21 fl oz,Jergens,4.0 out of 5,-460,old price$9.99strike through,,$0.43/ oz
Aveeno Daily Moisturizing Oat Body Wash For Dry Skin Unspecified  - 18 fl oz,Aveeno,4.5 out of 5,-16266,old price$11.99strike through,,$0.53/ oz
CloSYS Fresh Breath Sensitive Mouth Rinse Gentle Mint  - 32 fl oz,CloSYS,4.5 out of 5,-202,,$14.99 ,$0.47  / oz
Garnier Fructis Sleek & Shine Anti-Frizz Serum  - 5.1 fl oz,Garnier Fructis Sleek & Shine,4.0 out of 5,-1104,,$7.99 ,
Abreva Docosanol 10% Cold Sore Cream Tube  - 0.07 oz,Abreva,3.5 out of 5,-1212,,$22.99 ,$328.43  / oz
TheraBreath Healthy Gums Oral Rinse Clean Mint  - 16 oz,TheraBreath,4.5 out of 5,-261,,$9.79 ,$0.61  / oz
"Summer's Eve Douche, Extra Cleansing Vinegar & Water  - 4.5 fl oz   x 2 pack",Summer's Eve,4.5 out of 5,-158,,$3.99 ,$1.00  / oz
Neutrogena Ultra Sheer Dry-Touch SPF 45 Sunscreen Lotion  - 3 fl oz   x 2 pack,Neutrogena,4.0 out of 5,-611,,$20.99 ,$3.50  / oz
Tom's of Maine Antiplaque & Whitening Toothpaste Peppermint  - 5.5 oz,Tom's of Maine,4.5 out of 5,-278,,$7.99 ,$1.45  / oz
"Gillette Fusion5 Razor for Men, Handle Razor Blade Refills No Scent  - 1 set",Gillette Fusion5,4.0 out of 5,-908,old price$15.49strike through,,$12.99/ ea
Listerine Antiseptic Mouthwash Mint  - 500 ml,Listerine,4.5 out of 5,-3063,,$7.49 ,$0.44  / oz
Gillette Series Conditioning After Shave Gel  - 2.5 fl oz,Gillette Series,4.5 out of 5,-227,,$2.99 ,$1.20  / oz
"Gold Bond Medicated Extra Strength Body Lotion, With Menthol  - 14 oz",Gold Bond,4.5 out of 5,-207,,$11.99 ,$0.86  / oz
Walgreens Maximum Strength Severe Sinus Congestion Caplets  - 20 ea,Walgreens,4.5 out of 5,-57,,$14.49 ,$0.72  / ea
Walgreens Premium Microfiber Lens Wipes  - 120 ea,Walgreens,4.0 out of 5,-208,,$12.49 ,
Aveeno Eczema Therapy Daily Moisturizing Cream Fragrance-Free  - 12 fl oz,Aveeno,4.5 out of 5,-1283,,$23.99 ,$2.00  / oz
Walgreens Multi-Purpose Solution  - 12 fl oz   x 2 pack,Walgreens,4.5 out of 5,-123,,$8.99 ,$0.37  / oz
Walgreens Lubricant Eye Drops  - 0.5 fl oz,Walgreens,3.5 out of 5,-70,,$9.99 ,$19.98  / oz
Gillette Clear Gel Antiperspirant and Deodorant for Men Cool Wave  - 3.8 oz,Gillette,4.0 out of 5,-5358,,$8.79 ,$2.31  / oz
Walgreens Maximum Strength Urinary Pain Relief Tablets  - 12 ea,Walgreens,4.0 out of 5,-86,,$7.99 ,$0.67  / ea
Summer's Eve Deodorant Spray Ultra  - 2 oz,Summer's Eve,4.5 out of 5,-266,,$4.29 ,
Opti-Free PureMoist Disinfecting Solution  - 10 fl oz,Opti-Free,4.5 out of 5,-52,,$14.99 ,$1.50  / oz
"Walgreens Long Super Ultra Thin Pads Unscented, Size 2 (42 ct)  - 42 ea",Walgreens,4.5 out of 5,-151,old price$7.99strike through,,$0.14/ ea
Jergens Dry Skin Moisturizer Body Lotion Cherry Almond  - 21 fl oz,Jergens,4.0 out of 5,-592,old price$9.99strike through,,$0.43/ oz
Clear Eyes Cooling Comfort Redness Relief Eye Drops  - 0.5 fl oz,Clear Eyes,4.0 out of 5,-53,,$5.79 ,$11.58  / oz
"Poise Postpartum Incontinence Pads Ultimate Long, 6 (27 ct)  - 27 ea",Poise,4.0 out of 5,-2271,old price$18.99strike through,,$0.70/ ea
"Always Pure Cotton Feminine Pads For Women, With Wings, Heavy Unscented, Size 2 (24 ct)  - 24 ea",Always,4.5 out of 5,-386,,$12.99 ,$0.54  / ea
Banana Boat Sport Ultra Sunscreen Lotion SPF 100  - 4 fl oz,Banana Boat,4.5 out of 5,-49,,$15.99 ,$4.00  / oz
Aussie Paraben-Free Miracle Moist Shampoo For Dry Hair Avocado & Jojoba Oil  - 26.2 fl oz,Aussie,4.5 out of 5,-2108,,$8.99 ,$0.34  / oz
Dove Dry Spray Antiperspirant Deodorant Cool Essentials  - 3.8 oz,Dove,4.5 out of 5,-60911,old price$9.99strike through,,$2.37/ oz
"Walgreens Certainty Underpads for Incontinence, Day & Night Protection, Maximum Absorbency Extra Large  - 10 ea",Walgreens Certainty,4.0 out of 5,-78,old price$12.99strike through,,
Sensodyne Sensitive Toothpaste Fresh Mint (Packaging May Vary) - 4 oz,Sensodyne,4.0 out of 5,-3914,,$7.99 ,$2.00  / oz
CeraVe Itch Relief Moisturizing Lotion with Pramoxine Hydrochloride for Dry Skin  - 16 oz,CeraVe,4.5 out of 5,-465,,$28.99 ,$1.81  / oz
"Crest Scope Outlast Mouthwash/ Mouth Rinse, Fresh Mint  - 33.8 fl oz",Crest,4.5 out of 5,-422,old price$5.99strike through,,$0.16/ oz
AXE Body Spray Deodorant Sage & Cedarwood  - 4 oz,AXE,4.5 out of 5,-682,,$7.29 ,$1.82  / oz
Zicam Intense Sinus Relief No-Drip Relief Nasal Spray  - 0.5 oz,Zicam,4.5 out of 5,-324,,$14.99 ,$29.98  / oz
Systane Hydration PF  - 30 ea,Systane,4.5 out of 5,-143,,$22.99 ,$0.77  / ea
Walgreens Nasal Saline Mist  - 4.5 oz,Walgreens,4.0 out of 5,-99,,$8.99 ,$2.00  / oz
Afrin No Drip Severe Congestion Nasal Spray Relief  - 0.5 fl oz,Afrin,4.5 out of 5,-429,,$12.99 ,$25.98  / oz
"Walgreens Certainty Incontinence Pads, 5 Drop Maximum Absorbency Long Length  - 39 ea",Walgreens Certainty,4.0 out of 5,-277,old price$12.99strike through,,$0.33/ ea
"Always Thin No Feel Protection Daily Liners Unscented, Regular Absorbency  - 120 ea",Always,4.5 out of 5,-666,,$9.99 ,$0.08  / ea
"Degree Men Antiperspirant Deodorant Dry Spray Fresh, 3.8 oz  - 3.8 oz",Degree Men,4.5 out of 5,-343,,$7.49 ,$1.97  / oz
Boston Advance Contact Lens Conditioning Solution  - 3.5 oz,Boston,4.5 out of 5,-82,,$14.99 ,$4.28  / oz
Secret Clinical Strength Soft Solid Antiperspirant and Deodorant for Women Light & Fresh  - 1.6 oz,Secret,4.5 out of 5,-2194,,$10.99 ,$6.87  / oz
"Always Pure Cotton Feminine Pads For Women, With Wings, Regular Unscented, Size 1 (28 ct)  - 28 ea",Always,4.5 out of 5,-550,,$12.99 ,$0.46  / ea
Diurex Max Caffeine-Free Water Pills  - 48 ea,Diurex,4.0 out of 5,-444,,2/$16.00or1/$9.49,
Walgreens Allergy Nasal Spray 120 Sprays  - .57 fl oz,Walgreens,4.5 out of 5,-189,,$16.99 ,$29.81  / oz
Vaseline Petroleum Jelly Original Original  - 7.5 oz,Vaseline,4.5 out of 5,-2907,,$5.99 ,$0.80  / oz
"Carmex Medicated Lip Balm Tubes, Lip Moisturizer for Chapped Lips  - 0.35 oz   x 3 pack",Carmex,4.5 out of 5,-65,,$5.29 ,$5.04  / oz
Sensodyne Repair And Protect Teeth Whitening Sensitive Toothpaste  - 3.4 oz,Sensodyne,4.0 out of 5,-6893,,$7.99 ,$2.35  / oz
Old Spice Classic Men's Deodorant Stick Original  - 3.25 oz,Old Spice,4.0 out of 5,-254,,$5.79 ,$1.78  / oz
Walgreens Waxed Dental Tape Mint  - 50 yd,Walgreens,4.0 out of 5,-179,,$1.49 ,$0.03  / yd
"Pamprin Maximum Strength Multi-Symptom, Menstrual Period Symptoms Relief  - 40 ea",Pamprin Maximum Strength,4.5 out of 5,-56,old price$8.79strike through,,$0.20/ ea
DenTek Fresh Clean Floss Picks Mouthwash Blast Mint  - 75 ea,DenTek,4.5 out of 5,-568,,$3.99 ,$0.05  / ea
Walgreens Super Maxi Wingless Pads Super  - 24 ea,Walgreens,4.5 out of 5,-163,old price$3.49strike through,,$0.11/ ea
Gillette Venus Women's Razor Handle + Blade Refills White Tea Pink  - 1 set,Gillette Venus,4.0 out of 5,-1086,,$11.49 ,$11.49  / ea
Walgreens Certainty Women's ComfortLux Underwear X-Large Blush  - 28 ea,Walgreens Certainty,4.0 out of 5,-173,old price$18.99strike through,,$0.68/ ea
Colgate Toothpaste Clean Mint (Packaging May Vary) - 4.8 oz,Colgate,3.5 out of 5,-932,old price$6.29strike through,,$1.04/ oz
TRESemme Extra Hold Alcohol-Free Gel Extra Hold  - 9 oz,TRESemme,4.0 out of 5,-786,,$7.99 ,
St. Ives Blackhead Clearing Face Scrub Green Tea & Bamboo  - 6 oz,St. Ives,4.0 out of 5,-668,,$5.79 ,$0.96  / oz
Walgreens Mouth Rinse Antigingivitis /  Antiplaque Refreshing Mint  - 33.8 fl oz,Walgreens,4.5 out of 5,-169,,$6.79 ,$0.20  / oz
"G-U-M Soft-Picks Original, Dental Floss Picks  - 100 ea",G-U-M,4.5 out of 5,-107,,$7.49 ,$0.07  / ea
Jergens Deep Conditioning Moisturizer Shea  - 16.8 fl oz,Jergens,4.5 out of 5,-141,old price$9.99strike through,,$0.54/ oz
Lubriderm Full Body Lotion Fragrance-Free  - 16 fl oz,Lubriderm,4.5 out of 5,-1024,,$11.99 ,$0.75  / oz
Vaseline Advanced Repair Body Lotion Unscented  - 20.3 fl oz,Vaseline,4.5 out of 5,-104,,$9.79 ,$0.48  / oz
Listerine Pocketpaks Fresh Breath Strips Mint  - 24 ea   x 3 pack,Listerine,4.5 out of 5,-1077,,$6.29 ,$0.09  / ea
Nexxus Clarifying Shampoo With ProteinFusion  - 13.5 fl oz,Nexxus,4.5 out of 5,-387,,$17.99 ,$1.33  / oz
"Aveeno Skin Relief Body Wash, Sensitive Skin Fragrance-Free  - 18 fl oz",Aveeno,3.5 out of 5,-507,old price$11.99strike through,,$0.53/ oz
L. Cotton Tampons Regular Absorbency No scent  - 30 ea,L.,4.5 out of 5,-3668,,$14.49 ,$0.48  / ea
Dove Men+Care Body and Face Wash Hydrating Clean Comfort  - 18 fl oz,Dove Men+Care,4.5 out of 5,-1160,old price$7.99strike through,,$0.39/ oz
Oral-B Advanced Whitening Manual Toothbrush Soft  - 1 ea,Oral-B,4.5 out of 5,-576,old price$4.49strike through,,$3.50/ ea
Afrin No Drip Extra Moisturizing Nasal Pump Mist  - 0.5 fl oz,Afrin,4.0 out of 5,-338,,$12.99 ,$25.98  / oz
Super Poligrip Extra Care Zinc Free Denture And Partials Adhesive Cream Extra Care  - 2.2 oz,Super Poligrip,4.5 out of 5,-141,,$5.49 ,$2.50  / oz
Eucerin Skin Calming Daily Moisturizing Creme  - 14 oz,Eucerin,3.5 out of 5,-227,,$14.99 ,$1.07  / oz
Vaseline Petroleum Jelly Cocoa Butter Cocoa Butter  - 7.5 oz,Vaseline,4.5 out of 5,-572,,$5.99 ,$0.80  / oz
Walgreens Urinary Pain Relief Maximum Strength  - 24 ea,Walgreens,,No reviews,,$9.99 ,$0.42  / ea
Dove Men+Care Antiperspirant Deodorant Clean Comfort  - 3.8 oz,Dove Men+Care,4.0 out of 5,-1911,old price$9.99strike through,,$2.37/ oz
"Carmex Medicated Lip Balm Sticks, Lip Moisturizer for Chapped Lips  - 0.15 oz   x 3 pack",Carmex,4.5 out of 5,-76,,$5.29 ,
"L. Ultra Thin Pads for Women, 100% Pure Cotton Top Layer Pads with Wings Unscented, Super  - 42 ea",L.,4.5 out of 5,-782,,$14.49 ,$0.35  / ea
Gillette Series Shave Gel Sensitive  - 7 oz,Gillette Series,4.0 out of 5,-865,,$4.49 ,$0.64  / oz
Oral-B Advanced Sensitive Toothbrush Extra soft Pink  - 1 ea,Oral-B,4.5 out of 5,-239,old price$4.79strike through,,$3.50/ ea
Mitchum for Women Advanced Invisible Solid Anti-Perspirant & Deodorant Pure Fresh  - 2.7 oz,Mitchum for Women,4.0 out of 5,-92,,$6.29 ,$2.33  / oz
"Walgreens Pantiliners Unscented, Long (ct 40)  - 40 ea",Walgreens,4.5 out of 5,-258,old price$3.49strike through,,$0.07/ ea
Vicks Waterless Vaporizer Scent Pads  - 12 ea,Vicks,4.5 out of 5,-124,,$13.49 ,
Aveeno Sheer Hydration Body Lotion Fragrance-Free  - 18 fl oz,Aveeno,4.5 out of 5,-3297,,$14.99 ,$0.83  / oz
Polident Overnight Whitening Daily Cleanser Triple Mint Freshness  - 120 ea,Polident,4.5 out of 5,-244,,$8.49 ,$0.07  / ea
Zicam Zicam Nasal Swabs 20s  - 20 ea,Zicam,4.5 out of 5,-819,,$14.99 ,$0.75  / ea
L. Cotton Tampons Regular/ Super Absorbency Multipack No scent  - 30 ea,L.,4.0 out of 5,-2464,,$14.49 ,$0.48  / ea
"Aveeno Baby Body Wash Shampoo, Oat Extract  - 18 fl oz",Aveeno Baby,4.5 out of 5,-2115,,$15.99 ,$0.89  / oz
"Always Discreet Adult Incontinence Pads for Women, Postpartum Pads No scent, Long length, Heavy Absorbency  - 39 ea",Always Discreet,4.5 out of 5,-130,old price$19.99strike through,,$0.49/ ea
Jergens Wet Skin In Shower Lotion Shea  - 10 fl oz,Jergens,4.5 out of 5,-61,old price$11.49strike through,,$1.03/ oz
AXE Antiperspirant Deodorant Stick Apollo  - 2.7 oz,AXE,4.5 out of 5,-991,,$7.49 ,$2.77  / oz
Neutrogena Clear Face Liquid Lotion Sunscreen With SPF 30  - 3 fl oz,Neutrogena,4.0 out of 5,-490,,$14.99 ,$5.00  / oz
Walgreens Daytime & Nighttime Sinus PE Congestion Tablets  - 20 ea,Walgreens,4.0 out of 5,-38,,$7.79 ,$0.39  / ea
Burt's Bees Lip Balm Pack Beeswax  - 0.15 oz   x 4 pack,Burt's Bees,4.5 out of 5,-1486,,$11.99 ,$19.98  / oz
"Old Spice Men's Antiperspirant & Deodorant, 24/ 7 Sweat Protection Fiji with Palm Tree + Coconut  - 2.6 oz",Old Spice,4.5 out of 5,-1019,,$9.79 ,$3.77  / oz
Colgate Adult Manual Enamel Health Extra Soft Toothbrush for Sensitive Teeth One Size Multicolor  - 1 ea,Colgate,4.5 out of 5,-350,old price$5.99strike through,,$4.00/ ea
Degree Men Antiperspirant Deodorant Sport  - 2.7 oz,Degree Men,4.0 out of 5,-201,,$4.99 ,$1.85  / oz
TheraBreath Fresh Breath Oral Rinse Invigorating Icy Mint  - 16 oz,TheraBreath,4.5 out of 5,-413,,$9.79 ,$0.61  / oz
Coricidin HBP Chest Congestions & Cough Liquid Gels  - 20 ea,Coricidin HBP,4.5 out of 5,-354,,$11.99 ,
CeraVe Itch Relief Moisturizing Cream with Pramoxine Hydrochloride for Dry Skin  - 16 oz,CeraVe,4.5 out of 5,-296,,$28.99 ,$1.81  / oz
Degree Men Antiperspirant Deodorant Adventure (Packaging May Vary) - 2.7 oz,Degree Men,4.5 out of 5,-329,,$6.49 ,$2.40  / oz
Walgreens Mouth Rinse Original  - 33.8 fl oz,Walgreens,4.5 out of 5,-73,,$6.79 ,$0.20  / oz
ChapStick Lip Moisturizer Skin Protectant Lip Balm Tubes Original  - 0.15 oz   x 3 pack,ChapStick,3.0 out of 5,-196,,$4.99 ,
Walgreens Lubricant Eye Drops  - 0.5 fl oz,Walgreens,4.0 out of 5,-69,,$9.99 ,$19.98  / oz
Degree Men Antiperspirant Deodorant Cool Rush  - 2.7 oz,Degree Men,4.0 out of 5,-255,,$4.99 ,$1.85  / oz
Edge Sensitive Skin Shave Gel for Men Sensitive Skin with Aloe  - 7 oz,Edge,4.5 out of 5,-981,,$3.99 ,
Sensodyne Pronamel Intensive Enamel Repair Toothpaste For Sensitive Teeth Extra Fresh  - 3.4 oz,Sensodyne Pronamel,4.5 out of 5,-442,,$7.99 ,$2.35  / oz
Walgreens Breath Spray Mint  - 0.25 fl oz   x 2 pack,Walgreens,4.5 out of 5,-71,,$2.49 ,$2.08  / oz
Summer's Eve Feminine Cleansing Cloths for Sensitive Skin Sheer Floral  - 32 ea,Summer's Eve,4.5 out of 5,-628,,$5.79 ,$0.18  / ea
Walgreens Non-Medicated Vapor Inhaler  - 0.01 oz,Walgreens,4.0 out of 5,-51,,$6.99 ,$699.00  / oz
Dial Body Wash Spring Water (Actual Item May Vary) - 16 fl oz,Dial,4.0 out of 5,-323,,$6.29 ,$0.39  / oz
Secret Clinical Strength Invisible Solid Antiperspirant and Deodorant for Women Stress Response  - 1.6 oz,Secret,3.0 out of 5,-177,,$10.99 ,$6.87  / oz
"U by Kotex Clean & Secure Ultra Thin Pads Unscented, Regular  - 22 ea",U by Kotex,4.5 out of 5,-4007,,$6.79 ,$0.31  / ea
Dove Sensitive Skin Body Wash with Pump Sensitive Skin  - 30.6 fl oz,Dove,4.5 out of 5,-6600,,$12.99 ,$0.42  / oz
"Always Thin No Feel Protection Daily Liners Scented, Regular Absorbency  - 20 ea",Always,4.5 out of 5,-2363,,$1.79 ,$0.09  / ea
Secret Clear Gel Antiperspirant and Deodorant Lavender  - 2.6 oz,Secret,4.5 out of 5,-1247,,$8.49 ,$3.27  / oz
Playtex Sport Plastic Tampons Unscented  - 36 ea,Playtex Sport,4.5 out of 5,-401,,$10.99 ,$0.31  / ea
Skintimate Skin Therapy Sensitive Skin Women's Shave Gel Sensitive Skin  - 7 oz,Skintimate,4.5 out of 5,-203,,$3.99 ,
"Nivea Creme - Body, Face and Hand Care  - 6.8 oz",Nivea,4.5 out of 5,-196,,$8.99 ,$1.32  / oz
Vaseline Fast Absorbing Body Lotion Fast Absorbing  - 20.3 fl oz,Vaseline,3.5 out of 5,-230,,$9.79 ,$0.48  / oz
ACT Dry Mouth Moisturizing Lozenges Soothing Mint  - 36 ea,ACT,4.0 out of 5,-161,,$6.99 ,$0.19  / ea
Caress Beauty Bars Daily Silk  - 3.75 oz   x 6 pack,Caress,3.5 out of 5,-728,,$8.29 ,$0.37  / oz
"Always Radiant Overnight Feminine Pads For Women, Extra Heavy, With Wings Light Clean, Size 5 (18 ct)  - 18 ea",Always,4.5 out of 5,-703,,$11.99 ,$0.67  / ea
"Pantene Miracle Moisture Boost Rose Water Sulfate Free Shampoo Fresh, botanical  - 9.6 fl oz",Pantene,4.0 out of 5,-730,old price$11.49strike through,,$1.15/ oz
Degree Men Antiperspirant Deodorant Fresh  - 2.7 oz,Degree Men,4.5 out of 5,-459,,$6.49 ,$2.40  / oz
Listerine Antiseptic Mouthwash Mint  - 8.5 fl oz,Listerine,4.5 out of 5,-2960,,$3.99 ,$0.47  / oz
L'Oreal Paris Magic Root Cover Up Gray Concealer Spray Medium Brown  - 2 oz,L'Oreal Paris Magic Root Cover Up,3.5 out of 5,-4071,,$11.49 ,
Degree Men Antiperspirant Deodorant Dry Spray Black + White  - 3.8 oz,Degree Men,4.5 out of 5,-2931,,$7.49 ,$1.97  / oz
Summer's Eve Cleansing Cloths for Sensitive Skin Sheer Floral  - 16 ea,Summer's Eve,4.5 out of 5,-618,,$3.99 ,$0.25  / ea
"Carmex Daily Care Moisturizing Lip Balm, Lip Balm With Sunscreen SPF 15 Cherry/ Strawberry/ Wintergreen  - 3 ea",Carmex,4.5 out of 5,-31,,$5.29 ,$1.76  / ea
Simply Saline Nasal Mist Instant Relief for Everyday Congestion  - 4.5 oz,Simply Saline,4.5 out of 5,-869,,$11.99 ,
Sensodyne Extra Whitening Sensitive Teeth Whitening Toothpaste Travel Size Travel Size  - 0.8 oz,Sensodyne,4.5 out of 5,-2058,,$2.49 ,
Cetaphil Gentle Cleansing Bar  - 4.5 oz   x 3 pack,Cetaphil,4.5 out of 5,-1401,,$11.99 ,$0.89  / oz
Super Poligrip Original Formula Zinc Free Denture And Partials Adhesive Cream Original  - 2.4 oz,Super Poligrip,4.0 out of 5,-51,,$5.49 ,$2.29  / oz
"Gillette Foamy Foamy Men's Regular Shaving Cream, Travel Size  - 2 oz",Gillette Foamy,4.0 out of 5,-165,,$1.29 ,$0.65  / oz
Secret Invisible Solid Antiperspirant and Deodorant Shower Fresh  - 2.6 oz,Secret,4.0 out of 5,-335,,$5.79 ,$2.23  / oz
"Dr. Bronner's Bar Soap, Peppermint Peppermint  - 5 oz",Dr. Bronner's,4.5 out of 5,-205,,$5.29 ,$1.06  / oz
Gillette Fusion5 Razor Refills for Men  - 4 ea,Gillette Fusion5,4.5 out of 5,-3103,old price$19.99strike through,,$4.50/ ea
Johnson's Baby Head-To-Toe Tear-Free Body Wash & Shampoo  - 27.1 fl oz,Johnson's Baby,4.5 out of 5,-984,,$11.49 ,$0.42  / oz
ChapStick Skin Protectant Lip Balm Tubes Original  - 0.15 oz   x 3 pack,ChapStick,4.5 out of 5,-159,,$4.99 ,
Olay Complete Lotion All Day Moisturizer with SPF 15 for Normal Skin  - 6 fl oz,Olay Complete,4.5 out of 5,-221,,$16.99 ,$2.83  / oz
"Walgreens Ultra Thin Maxi Pads With Flexi-Wings Unscented, Size 2 (ct 32)  - 32 ea",Walgreens,4.5 out of 5,-157,old price$5.99strike through,,$0.14/ ea
ChapStick Skin Protectant Lip Balm Tubes Classic Cherry  - 0.15 oz   x 3 pack,ChapStick,4.5 out of 5,-41,,$4.99 ,
Q-tips Antimicrobial Cotton Swabs  - 300 ea,Q-tips,4.5 out of 5,-846,,$4.29 ,$0.01  / ea
"L. Ultra Thin Pads for Women, 100% Pure Cotton Top Layer Pads with Wings Unscented, Extra Long Overnight  - 36 ea",L.,4.0 out of 5,-1139,,$14.49 ,$0.40  / ea
"Garnier Fructis Style Full Control Anti-Humidity Hairspray, Ultra Strong Hold  - 8.25 fl oz",Garnier Fructis Style,4.0 out of 5,-119,,$7.99 ,
"Nexxus Masque, for Damaged Hair  - 1.5 Oz",Nexxus,4.5 out of 5,-276,,$3.49 ,
OGX Biotin & Collagen Extra Strength Shampoo  - 13 fl oz,OGX,4.0 out of 5,-1879,,$11.99 ,$0.92  / oz
Walgreens Twin Blade Disposable Razors with Lubricating Strip  - 10 ea,Walgreens,4.0 out of 5,-45,,2/$3.00or1/$2.79,$0.28  / ea
Clairol Nice 'n Easy Root Touch-Up Permanent Hair Color 4 Dark Brown  - 1 ea,Clairol Nice 'n Easy,4.0 out of 5,-498,,$10.49 ,$10.49  / ea
Walgreens SuperSlip Flossups Mint  - 90 ea,Walgreens,3.5 out of 5,-104,old price3/$7.00 or 1/$2.99strike through,,
"Walgreens 3-In-1 Travel Kit with Toothpaste, Mouthwash, and Travel Toothbrush  - 1 ea",Walgreens,4.0 out of 5,-53,,$4.29 ,
Dove Men+Care Body and Face Wash Refreshing Extra Fresh  - 18 fl oz,Dove Men+Care,4.5 out of 5,-5349,old price$7.99strike through,,$0.39/ oz
Arm & Hammer Toothpaste Plus Whitening Baking Soda & Peroxide Fresh Mint  - 6 oz,Arm & Hammer,4.5 out of 5,-844,,$5.79 ,
"U by Kotex Compact Multipack Tampons, Regular/ Super Unscented  - 30 ea",U by Kotex,4.0 out of 5,-2779,,$11.49 ,$0.38  / ea
Visine Red Eye Comfort Redness Relief Eye Drops  - 0.5 fl oz,Visine,4.5 out of 5,-2707,,$6.49 ,$12.98  / oz
Not Your Mother's Beach Babe Texturizing Dry Shampoo Toasted Coconut  - 7 oz,Not Your Mother's,4.0 out of 5,-988,,$8.49 ,$1.21  / oz
Crest Whitening Plus Scope Outlast Toothpaste Long Lasting Mint  - 5.4 oz   x 2 pack,Crest,4.5 out of 5,-3635,old price$8.29strike through,,$0.65/ oz
Walgreens Sugar-Free Cough Drops Honey Lemon  - 150 ea,Walgreens,4.5 out of 5,-102,old price$7.99strike through,,$0.04/ ea
U by Kotex Click Compact Tampons Unscented  - 16 ea,U by Kotex,4.0 out of 5,-2284,,$7.79 ,$0.49  / ea
Walgreens Beauty Mini Mesh Sponge Assorted Colors (Brand May Vary) - 1 ea,Walgreens Beauty,3.5 out of 5,-7,,$1.25 ,
Midol Complete Menstrual Period Symptoms Relief  - 40 ea,Midol,4.5 out of 5,-905,,$12.99 ,$0.32  / ea
"L. Ultra Thin Pads for Women, 100% Pure Cotton Top Layer Pads with Wings Unscented, Regular  - 42 ea",L.,4.5 out of 5,-4193,,$14.49 ,$0.35  / ea
Cetaphil Moisturizing Lotion Unscented  - 16 fl oz,Cetaphil,4.5 out of 5,-31688,,$15.99 ,$1.00  / oz
"Nivea Soft Creme - Body, Face and Hand Care  - 6.8 oz",Nivea,4.5 out of 5,-7142,,$9.49 ,$1.40  / oz
Crest Complete Plus Scope 3-In-1 Whitening Liquid Gel Toothpaste No flavor  - 4.6 oz,Crest Complete,4.5 out of 5,-2436,old price$4.99strike through,,$0.76/ oz
Crest Plus Scope Outlast Liquid Gel Toothpaste  - 4.6 oz,Crest,4.5 out of 5,-2422,old price$4.99strike through,,$0.76/ oz
Cetaphil Hydrating Moisturizing Cream for Dry to Very Dry Skin  - 16 oz,Cetaphil,4.5 out of 5,-2239,,$18.99 ,$1.19  / oz
Flonase Allergy Relief Nasal Spray  - 0.62 fl oz,Flonase,4.5 out of 5,-1053,,$32.99 ,$53.21  / oz
SheaMoisture Jamaican Black Caster Oil Strengthen & Restore Conditioner  - 13 fl oz,SheaMoisture,4.5 out of 5,-844,,$11.99 ,$0.92  / oz
One A Day Women's Prenatal 1  - 30 ea,One A Day,4.5 out of 5,-773,,$21.99 ,$0.73  / ea
Clearblue Early Detection Pregnancy Test  - 2 ea,Clearblue,4.5 out of 5,-600,old price$16.99strike through,,
Ricola Cough Drops Berry Medley  - 45 ea,Ricola,4.5 out of 5,-579,old price2/$13.99 or 1/$7.99strike through,,$0.17/ ea
Boogie Mist Saline Mist Fresh  - 3.1 oz,Boogie Mist,4.5 out of 5,-495,,$6.99 ,$2.25  / oz
"Purell Advanced Hand Sanitizer, Pump Original  - 8 fl oz",Purell,4.5 out of 5,-490,old price$4.79strike through,,$0.45/ oz
"SheaMoisture Intensive Hydration Hair Mask, Manuka Honey & Mafura Oil  - 12 oz",SheaMoisture,4.5 out of 5,-476,,$13.99 ,$1.22  / oz
Crest Cavity Protection Toothpaste Regular  - 5.7 oz,Crest,4.5 out of 5,-472,,$2.99 ,$0.52  / oz
Revlon One-Step Volumizer Original 1.0 Hair Dryer and Hot Air Brush Black  - 1 ea,Revlon,4.5 out of 5,-337,,$54.99 ,
Native Body Wash Lavender and Rose  - 18 fl oz,Native,4.5 out of 5,-308,,$9.99 ,$0.56  / oz
Blistex Medicated Lip Balm Value Pack Original  - 0.15 oz   x 3 pack,Blistex,4.5 out of 5,-247,,2/$9.00or1/$4.99,$11.09  / oz
Purell Advanced Hand Sanitizer Refreshing Gel Original  - 2 fl oz,Purell,4.5 out of 5,-235,old price$2.79strike through,,$1.04/ oz
Colgate Total Whitening + Charcoal Paste (Packaging May Vary) - 5.1 oz,Colgate Total,4.5 out of 5,-225,old price$6.29strike through,,$1.04/ oz
Safeguard Liquid Hand Soap Pump Ocean Breeze  - 15.5 fl oz,Safeguard,4.5 out of 5,-172,old price$5.49strike through,,$0.32/ oz
Pantene Repair & Protect 2x Breakage Protection Shampoo No scent  - 12 fl oz,Pantene,4.5 out of 5,-170,old price$5.99strike through,,$0.42/ oz
Gold Bond Medicated Talc-Free Extra Strength Body Powder  - 10 oz,Gold Bond,4.5 out of 5,-156,,$9.79 ,$0.98  / oz
Safeguard Liquid Hand Soap Pump Notes of Coconut  - 15.5 fl oz,Safeguard,4.5 out of 5,-156,old price$5.49strike through,,$0.32/ oz
Safeguard Liquid Hand Soap Pump Notes of Lavender  - 15.5 fl oz,Safeguard,4.5 out of 5,-142,old price$5.49strike through,,$0.32/ oz
Systane Complete Preservative Free Lubricant Eye Drops  - 0.34 fl oz,Systane,4.5 out of 5,-119,,$19.99 ,$58.79  / oz
Walgreens Sinus & Headache  - 24 ea,Walgreens,4.5 out of 5,-52,,$8.99 ,$0.37  / ea
Walgreens Quite Clean Full Medium Toothbrush  - 1 ea,Walgreens,4.5 out of 5,-26,,$0.99 ,$0.99  / ea
Sensodyne Repair And Protect Teeth Whitening Sensitive Toothpaste  - 3.4 oz   x 2 pack,Sensodyne,4.0 out of 5,-6848,,$14.99 ,$2.20  / oz
Revlon ColorSilk Permanent Hair Color Dark Brown  - 1 set,Revlon ColorSilk,4.0 out of 5,-6295,,$5.79 ,$5.79  / ea
"Depend Adult Incontinence Underwear for Women, Disposable, Maximum Blush  - 26 ea",Depend,4.0 out of 5,-2538,old price$24.99strike through,,$0.96/ ea
"Depend Adult Incontinence Underwear for Women, Disposable, Maximum Maximum (30 ct) Blush  - 30 EA",Depend,4.0 out of 5,-2313,old price$24.99strike through,,$0.83/ ea
Q-tips Cotton Swabs  - 500 ea,Q-tips,4.0 out of 5,-1909,old price$5.79strike through,,$0.01/ ea
"Depend Adult Incontinence Underwear for Men, Disposable, Maximum Large Grey  - 28 EA",Depend,4.0 out of 5,-1464,old price$24.99strike through,,$0.89/ ea
Gold Bond Crepe Corrector Age Renew Fragrance Free  - 8 oz,Gold Bond,4.0 out of 5,-916,,$13.99 ,$1.75  / oz
Native Body Wash Coconut and Vanilla  - 18 fl oz,Native,4.0 out of 5,-579,,$9.99 ,$0.56  / oz
Fixodent Secure Denture Adhesive Scope  - 4 oz,Fixodent,4.0 out of 5,-491,,$11.99 ,$3.00  / oz
Walgreens Pulse Oximeter with Respiratory Rate  - 1 ea,Walgreens,4.0 out of 5,-464,old price$59.99strike through,,
SheaMoisture Leave In Conditioner 100% Pure Jamaican Black Castor Oil  - 11 oz,SheaMoisture,4.0 out of 5,-445,,$13.99 ,$1.22  / oz
Pantene Sheer Volume 72 HR Fullness Shampoo Creamy berries  - 12 fl oz,Pantene,4.0 out of 5,-437,old price$5.99strike through,,$0.42/ oz
TRESemme Hair Mousse Extra Hold Extra Hold  - 10.5 oz,TRESemme,4.0 out of 5,-326,,$7.99 ,
Omron 7 Series Wireless Upper Arm Blood Pressure Monitor (BP7350)  - 1 ea,Omron,4.0 out of 5,-293,old price$99.99strike through,,
"Garnier Fructis Style Full Control Anti-Humidity Hairspray, Non-Aerosol  - 8.5 fl oz",Garnier Fructis Style,4.0 out of 5,-200,,$7.99 ,
Systane Complete Preservative Free Lubricant Eye Drops  - 0.34 fl oz   x 2 pack,Systane,4.0 out of 5,-184,,$29.99 ,$44.10  / oz
Aveeno Skin Relief Intense Moisture Hand Cream Fragrance-Free  - 3.5 oz,Aveeno,4.0 out of 5,-165,,$9.99 ,$2.85  / oz
Garnier Fructis Style Finishing Paste  - 2 oz,Garnier Fructis Style,4.0 out of 5,-161,,$5.99 ,
"Mucinex Severe Nasal Congestion Relief Clear & Cool Nasal Spray, Nasal Decongestant Menthol  - 0.75 oz",Mucinex,4.0 out of 5,-153,,$15.99 ,$21.32  / oz
Walgreens Lubricant Preservative Free Eye Drops  - 0.01 fl oz   x 70 pack,Walgreens,4.0 out of 5,-147,,$22.99 ,$32.84  / oz
SheaMoisture Defining Styling Gel Coconut & Hibiscus Coconut & Hibiscus  - 15 oz,SheaMoisture,4.0 out of 5,-124,,$10.99 ,
pH-D Boric Acid Vaginal Suppositories  - 24 ea,pH-D,4.5 out of 5,-115,,$22.99 ,
Pantene Curl Perfection 72 HR Curl Definition Conditoner Creamy berries  - 10.4 fl oz,Pantene,4.0 out of 5,-113,old price$5.99strike through,,$0.48/ oz
Walgreens Humidifier Ultrasonic Technology 0.5 Gallon  - 1 ea,Walgreens,4.0 out of 5,-105,,$31.99 ,
Walgreens Extra Strength Minoxidil Topical Solution Hair Regrowth Treatment For Men Unscented  - 2 fl oz   x 3 pack,Walgreens,4.0 out of 5,-82,old price$47.99strike through,,$6.33/ oz
Dristan 12-Hour Nasal Spray Decongestant  - 0.5 Fl Oz,Dristan,4.0 out of 5,-79,,$6.49 ,$12.98  / oz
Colgate Total Deep Clean Toothpaste (Packaging May Vary) - 4.8 oz,Colgate Total,4.5 out of 5,-72,old price$6.29strike through,,$1.04/ oz
Walgreens Tea Tree Oil (Packaging May Vary) - 1 fl oz,Walgreens,4.0 out of 5,-49,,$9.99 ,$9.99  / oz
Walgreens Women's Triple Blade Razors  - 3 ea,Walgreens,4.0 out of 5,-43,,$1.79 ,$0.60  / ea
"Playtex Sport Odor Shield Tampons Unscented, Regular/ Super  - 32 ea",Playtex Sport,4.0 out of 5,-31,,$10.99 ,$0.34  / ea
Breathe Right Extra Strength Nasal Strips Tan  - 26 ea,Breathe Right,4.0 out of 5,-31,old price$13.99strike through,,$0.50/ ea
Mr. Bubble Bubble Bath Original  - 16 fl oz,Mr. Bubble,4.0 out of 5,-17,,$5.29 ,$0.33  / oz
Walgreens Quite Clean Toothbrush Full Soft  - 1 ea,Walgreens,4.0 out of 5,-14,,$0.99 ,$0.99  / ea
L'Oreal Paris Excellence Creme Permanent Triple Care Hair Color Medium Golden Brown 5G  - 1 set,L'Oreal Paris Excellence,3.5 out of 5,-1188,,$11.99 ,
"Garnier Fructis Style Curl Scrunch Controlling Gel with Coconut Water, For Curly Hair  - 6.8 fl oz",Garnier Fructis Style,3.5 out of 5,-1024,,$5.99 ,
DrugConfirm 1 Drug Marijuana Test  - 1 ea,DrugConfirm,3.5 out of 5,-154,,$16.99 ,
CeraVe Eczema Relief Creamy Body Oil  - 8 OZ,CeraVe,3.5 out of 5,-149,,$18.99 ,
Conair Turbo Styler Ionic Hair Dryer Pink  - 1 ea,Conair,3.5 out of 5,-120,,$21.99 ,
Pantene Curl Perfection Shampoo Creamy berries  - 12 fl oz,Pantene,3.5 out of 5,-116,old price$5.99strike through,,$0.42/ oz
Walgreens Early Result Pregnancy Test  - 2 ea,Walgreens,3.5 out of 5,-110,,$12.99 ,
Walgreens Infused Flossers Mint  - 90 ea,Walgreens,3.5 out of 5,-60,,$3.99 ,$0.04  / ea
Walgreens Perfection Silk Tampons Unscented  - 36 ea,Walgreens,3.5 out of 5,-59,old price$7.99strike through,,$0.17/ ea
Walgreens Orthodontic Wax Mint  - 0.1 oz   x 2 pack,Walgreens,3.5 out of 5,-57,,$2.99 ,$1.50  / ea
DrugConfirm 14 Drug Test  - 1 ea,DrugConfirm,3.5 out of 5,-51,,$39.99 ,
Walgreens Certainty Adult Incontinence Stretch Briefs with Tabs Small/ Medium  - 20 ea,Walgreens Certainty,3.5 out of 5,-49,old price$12.99strike through,,$0.65/ ea
Anbesol Maximum Strength Oral Pain Relief Gel  - 0.33 oz,Anbesol,3.5 out of 5,-22,,$7.99 ,$24.21  / oz
L'Oreal Paris Feria Advanced Lightening System Bleach Hyper Platinum  - 1 set,L'Oreal Paris Feria,3.0 out of 5,-2802,,$12.99 ,$12.99  / ea
Foster Grant IM2000 Ironman Reading Glasses  - 1 ea,Foster Grant,3.0 out of 5,-53,,$31.99 ,
Wet Ones Antibacterial Hand Wipes Fresh  - 40 ea,Wet Ones,4.5 out of 5,-235,,$4.79 ,$0.12  / sheet
AZO Urinary Tract Infection (UTI) Test Strips  - 3 EA,AZO,4.0 out of 5,-187,,$12.99 ,
Red Cross Toothache Medicine Kit  - 1 set,Red Cross,4.5 out of 5,-365,,$7.79 ,$59.92  / oz
"Gold Bond Diabetics' Dry Skin Relief Body Lotion, With Aloe Fragrance Free  - 13 oz",Gold Bond,4.5 out of 5,-399,,$11.99 ,
Walgreens Ear Wax Removal Kit  - 1 ea,Walgreens,4.0 out of 5,-125,,$7.99 ,$7.99  / ea
Walgreens Ear Drops  - 1 fl oz,Walgreens,4.0 out of 5,-56,,$5.49 ,$5.49  / oz
Walgreens Temple Touch Mini Digital Thermometer  - 1 ea,Walgreens,4.0 out of 5,-681,,$29.99 ,
Compound W Freeze Off Wart Removal  - 8 ea,Compound W,3.5 out of 5,-138,,$18.99 ,
Waterpik Ultra Water Flosser White  - 1 ea,Waterpik,4.5 out of 5,-7435,,$67.99 ,
Crest 3D Whitestrips Glamorous White Teeth Whitening Kit  - 1 set,Crest,4.0 out of 5,-578,,$39.99 ,$2.86  / ea
Stye Sterile Lubricant Eye Ointment  - 0.13 oz,Stye,4.0 out of 5,-126,,$12.99 ,$99.92  / oz
Cicatricure Scar Gel  - 1 oz,Cicatricure,4.0 out of 5,-77,,$19.99 ,
Color Oops Hair Color Remover Extra Strength  - 1 ea,Color Oops,4.0 out of 5,-1320,,$16.99 ,$16.99  / ea
Walgreens Multi-Purpose Solution  - 12 fl oz,Walgreens,4.5 out of 5,-44,,$5.99 ,$0.50  / oz
"FreeStyle Lite, Blood Glucose Monitoring System  - 1 ea",FreeStyle,4.0 out of 5,-153,,$22.99 ,
Walgreens Ear Wax Removal Kit  - 1 set,Walgreens,3.5 out of 5,-111,,$8.49 ,$16.98  / oz
Walgreens Tioconazole Ointment 6.5% 1-Dose Treatment for Vaginal Yeast Infection  - 4.6 g,Walgreens,3.0 out of 5,-68,,$18.99 ,$118.69  / oz
Stye Stye Warming Compress Eye Therapy  - 1 ea,Stye,3.5 out of 5,-167,,$13.99 ,
AZO Urinary Tract Defense Antibacterial Protection Tablets  - 24 ea,AZO,4.5 out of 5,-159,,$18.99 ,$0.79  / ea
Bondi Sands Self Tanning Application Mitt  - 1 ea,Bondi Sands,4.5 out of 5,-3142,,$6.99 ,$6.99  / ea
PATADAY Eye Itch Relief  - 2.5 ml,PATADAY,4.0 out of 5,-231,,$23.99 ,$299.88  / oz
OGX Tea Tree Mint Extra Strength Scalp Treatment  - 4 OZ,OGX,4.5 out of 5,-254,,$11.99 ,$3.00  / oz
it's a 10 Miracle Leave In Product  - 4 fl oz,it's a 10,4.5 out of 5,-148,,$21.99 ,
Zaditor Antihistamine Eye Drops  - 0.17 fl oz,Zaditor,4.5 out of 5,-156,,$16.99 ,$99.94  / oz
AZO Urinary Tract Defense Antibacterial Protection Tablets  - 18 ea,AZO,4.5 out of 5,-136,,$10.99 ,$0.61  / ea
"Rogaine Women's 2% Minoxidil Liquid Topical Solution Unscented, 3 Month  - 2 fl oz   x 3 pack",Rogaine,4.0 out of 5,-354,,$74.99 ,$12.50  / oz
Replens Long-Lasting Vaginal Moisturizer  - 14 ea,Replens,4.0 out of 5,-9220,,$24.99 ,$20.32  / oz
AZO Bladder Control with Go-Less Daily Supplement Capsules  - 54 EA,AZO,4.0 out of 5,-1779,,$31.99 ,$0.59  / ea
Waterpik Cordless Water Flosser  - 1 ea,Waterpik,4.0 out of 5,-3587,,$45.99 ,
African Pride Moisturizing Oil  - 4 oz,African Pride,4.5 out of 5,-185,,$5.49 ,
Systane Complete Lubricant Eye Drops  - 0.33 fl oz,Systane,4.5 out of 5,-241,,$17.99 ,$52.91  / oz
Walgreens Super Moleskin Padding Sheets 4-5/ 8 inch x 3-3/ 8 inch  - 3 ea,Walgreens,4.0 out of 5,-46,,$6.99 ,
Walgreens Mouth Rinse Mint  - 8 fl oz,Walgreens,4.5 out of 5,-85,,$6.49 ,$0.81  / oz
Kanka Mouth Pain Liquid (Packaging May Vary) - 0.33 oz,Kanka,4.0 out of 5,-113,,$5.49 ,$16.64  / oz
"Compound W Maximum Strength Fast Acting Gel Wart Remover, Salicylic Acid Wart Remover  - 0.25 oz",Compound W,4.0 out of 5,-87,,$11.99 ,
Refresh Triple-Action Relief Advance Lubricant Eye Drops  - 0.33 fl oz   x 2 pack,Refresh,4.5 out of 5,-130,,$27.99 ,$41.16  / oz
Nature Made Prenatal with Folic Acid + DHA Softgels Orange  - 60 ea,Nature Made,2.5 out of 5,-215,,$33.99 ,$0.57  / ea
"Walgreens Clotrimazole 3 Vaginal Cream USP, (2%) & Applicators  - 1 set",Walgreens,4.0 out of 5,-95,,$14.99 ,
Walgreens Concave Eye Protector  - 1 ea,Walgreens,2.5 out of 5,-113,,$6.99 ,
Oral-B Electric Toothbrush Replacement Brush Heads  - 3 ea,Oral-B,4.5 out of 5,-510,old price$34.99strike through,,$24.99/ ea
Kanka Soft Brush Tooth/ Mouth Pain Gel Oral Anesthetic/ Oral Astringent (Packaging May Vary) - 0.07 oz,Kanka,4.0 out of 5,-75,,$7.99 ,$114.14  / oz
Diurex Ultimate Re-Energizing Water Pills  - 60 ea,Diurex,4.0 out of 5,-51,,2/$19.00or1/$10.99,
Olay Whip Face Moisturizer SPF 25  - 1.7 OZ,Olay,4.5 out of 5,-1484,old price$41.99strike through,,$17.64/ oz
Norforms Feminine Deodorant Suppositories Island Escape  - 12 ea,Norforms,4.5 out of 5,-84,,$6.99 ,$0.58  / ea
DenTek Professional-Fit Dental Guard  - 1 set,DenTek,3.5 out of 5,-127,,$25.99 ,$25.99  / ea
Walgreens Waterproof Silicone Earplugs  - 6 pr,Walgreens,3.5 out of 5,-50,,2/$8.00or1/$4.99,$0.83  / ea
Accu-Chek Guide Me Meter  - 1 ea,Accu-Chek,4.0 out of 5,-69,,$14.99 ,
Vermont's Original Bag Balm Hand & Body Skin Moisturizer  - 8 oz,Vermont's Original Bag Balm,4.5 out of 5,-119,,$9.99 ,$1.25  / oz
Hollywood Beauty Tea Tree Oil  - 2 fl oz,Hollywood Beauty,4.5 out of 5,-148,,$4.29 ,
Walgreens Upper Mouth Guards  - 2 ea,Walgreens,3.5 out of 5,-123,,$17.99 ,$5.14  / oz
Nix Permethrin Lice Killing Creme Rinse Kit (Actual Item May Vary) - 1 ea,Nix,4.0 out of 5,-121,,$42.99 ,
Method Foaming Hand Wash Sweet Water  - 10 fl oz,Method,4.5 out of 5,-71,,$4.99 ,$0.50  / oz
Dermarest Psoriasis Max Strength Medicated Shampoo + Conditioner  - 8 fl oz,Dermarest,4.5 out of 5,-129,,$8.99 ,
Systane Gel Drops Lubricant Eye Gel  - 0.33 fl oz,Systane,4.5 out of 5,-161,,$17.99 ,$54.52  / oz
Walgreens Adhesive Eye Patch 2 1/ 4 inch x 3 1/ 8 inch  - 20 ea,Walgreens,4.0 out of 5,-67,,2/$11.00or1/$6.79,
Vagisil ProHydrate Natural Feel Internal Moisturizing Gel  - 0.2 oz   x 8 pack,Vagisil,4.5 out of 5,-48,,$24.99 ,
Orajel 4x Severe Toothache Oral Pain Reliever Cream  - 0.33 oz,Orajel,4.0 out of 5,-173,,$11.49 ,$34.82  / oz
Walgreens Deluxe Wrist Blood Pressure Monitor  - 1 ea,Walgreens,4.0 out of 5,-315,old price$59.99strike through,,
Walgreens Infrared Digital Ear Thermometer  - 1 EA,Walgreens,1.5 out of 5,-154,,$39.99 ,
Crest Whitening Cavity & Tartar Protection Toothpaste Whitening Baking Soda & Peroxide Fresh Mint  - 5.7 oz,Crest,4.5 out of 5,-1736,,$2.99 ,$0.52  / oz
Quest Products AsthmaMD Lung Performance Peak Flow Meter  - 1 ea,Quest Products,3.5 out of 5,-60,,$21.99 ,$21.99  / ea
L'Oreal Paris Elvive 8 Second Wonder Water Rinse Out Lamellar Hair Treatment  - 6.8 fl oz,L'Oreal Paris Elvive,4.0 out of 5,-370,,$11.99 ,
Softsoap Antibacterial Hand Soap Pump White Tea & Berry Fusion  - 11.25 fl oz,Softsoap,4.5 out of 5,-466,,$3.29 ,$0.29  / oz
OGX Renewing Argan Oil of Morocco Penetrating Oil  - 3.3 fl oz,OGX,4.5 out of 5,-3416,,$11.99 ,
Refresh Moisturizing Relief Lubricant Eye Drops  - 0.5 fl oz,Refresh,4.5 out of 5,-160,,$14.99 ,$33.31  / oz
Toppik Hair Building Fibers Black  - 0.42 oz,Toppik,4.0 out of 5,-454,,$28.99 ,$69.02  / oz
"Oral-B Complete SatinFloss, Comfort Grip Mint  - 54.6 yd",Oral-B Complete,4.5 out of 5,-293,old price$6.49strike through,,$0.05/ yd
PreserVision Areds2 Supplement  - 60 ea,PreserVision,4.5 out of 5,-160,,$23.99 ,$0.40  / ea
Walgreens Maximum Strength One-Step Clear Wart Remover Strips  - 14 ea,Walgreens,3.5 out of 5,-31,,$8.99 ,
L'Oreal Paris Everpure Sulfate Free Purple Conditioner for Toning Blonde and Bleached Hair  - 6.8 fl oz,L'Oreal Paris Everpure,4.0 out of 5,-2159,,$9.99 ,$1.47  / oz
OneTouch Ultra 2 Blood Glucose Meter Kit  - 1 set,OneTouch Ultra 2,3.5 out of 5,-109,,$29.99 ,
ReNu Advanced Multi-Purpose Solution  - 12 oz,ReNu,4.5 out of 5,-214,,$8.99 ,$0.75  / oz
Walgreens Anti-Itch Cream  - 1 oz,Walgreens,4.0 out of 5,-79,,$6.79 ,$6.79  / oz
Clairol Natural Instincts Hair Color 4 Dark Brown  - 1 set,Clairol Natural Instincts,3.5 out of 5,-2058,,$10.49 ,$10.49  / ea
The Doctor's BrushPicks Interdental Toothpicks  - 120 ea,The Doctor's,4.5 out of 5,-139,,$3.99 ,$0.03  / ea